<record><header><identifier>oai:alma.41SLSP_UGE:991000018759705502</identifier><datestamp>2023-03-01T01:09:12Z</datestamp><setSpec>uge_bcen_RapidILL_BOOK</setSpec><setSpec>uge_aaca_RapidILL_BOOK</setSpec><setSpec>uge_abels_RapidILL_BOOK</setSpec><setSpec>uge_dbu_RapidILL_BOOK</setSpec><setSpec>uge_cmu_RapidILL_BOOK</setSpec><setSpec>uge_mail_RapidILL_BOOK</setSpec><setSpec>UNIGE_ALL</setSpec><setSpec>uge_abbat_RapidILL_BOOK</setSpec><setSpec>uge_aobs_RapidILL_BOOK</setSpec><setSpec>uge_acar_RapidILL_BOOK</setSpec></header><metadata>
<record xmlns="http://www.loc.gov/MARC21/slim" xmlns:xsi="http://www.w3.org/2001/XMLSchema-instance" xsi:schemaLocation="http://www.loc.gov/MARC21/slim http://www.loc.gov/standards/marcxml/schema/MARC21slim.xsd"><leader>01971nam a2200541uc 4500</leader><controlfield tag="001">991000018759705502</controlfield><controlfield tag="005">20201126042852.0</controlfield><controlfield tag="008">201012s1973    gw            00| i ger|d</controlfield><datafield ind1=" " ind2=" " tag="020"><subfield code="a">3540061215</subfield><subfield code="q">Springer Berlin</subfield></datafield><datafield ind1=" " ind2=" " tag="020"><subfield code="a">0387061215</subfield><subfield code="q">Springer New York</subfield></datafield><datafield ind1=" " ind2=" " tag="035"><subfield code="a">(swissbib)237389762-41slsp_network</subfield></datafield><datafield ind1=" " ind2=" " tag="035"><subfield code="a">237389762</subfield><subfield code="9">ExL</subfield></datafield><datafield ind1=" " ind2=" " tag="035"><subfield code="a">(NEBIS)000500997EBI01</subfield></datafield><datafield ind1=" " ind2=" " tag="035"><subfield code="a">(RERO)1050752-41slsp</subfield></datafield><datafield ind1=" " ind2=" " tag="035"><subfield code="a">(IDSBB)000450374DSV01</subfield></datafield><datafield ind1=" " ind2=" " tag="035"><subfield code="a">(EXLNZ-41SLSP_NETWORK)991013835179705501</subfield></datafield><datafield ind1=" " ind2=" " tag="040"><subfield code="a">ETH-PHY</subfield><subfield code="b">ger</subfield><subfield code="e">ETHICS-ISBD</subfield><subfield code="d">CH-ZuSLS</subfield></datafield><datafield ind1=" " ind2="7" tag="072"><subfield code="a">ma</subfield><subfield code="2">rero</subfield></datafield><datafield ind1=" " ind2="7" tag="072"><subfield code="a">mt</subfield><subfield code="2">SzZuIDS BS/BE</subfield></datafield><datafield ind1="0" ind2="4" tag="082"><subfield code="a">510/.92</subfield></datafield><datafield ind1="0" ind2="4" tag="082"><subfield code="a">B</subfield></datafield><datafield ind1="0" ind2="4" tag="082"><subfield code="a">510 .92</subfield><subfield code="a">B</subfield></datafield><datafield ind1="1" ind2="4" tag="082"><subfield code="a">510</subfield><subfield code="2">15</subfield></datafield><datafield ind1="1" ind2="4" tag="082"><subfield code="a">510/.92</subfield><subfield code="a">B</subfield></datafield><datafield ind1=" " ind2=" " tag="084"><subfield code="a">01.40</subfield><subfield code="2">msc</subfield></datafield><datafield ind1=" " ind2=" " tag="084"><subfield code="a">01.20</subfield><subfield code="2">msc</subfield></datafield><datafield ind1="1" ind2=" " tag="100"><subfield code="a">Minkowski, Hermann</subfield><subfield code="d">1864-1909</subfield><subfield code="0">(DE-588)118734091</subfield><subfield code="6">880-01</subfield></datafield><datafield ind1="1" ind2=" " tag="880"><subfield code="6">100-01</subfield><subfield code="a">Minkowski, Hermann</subfield><subfield code="d">1864-1909</subfield><subfield code="0">(IDREF)032933657</subfield><subfield code="4">cre</subfield></datafield><datafield ind1="1" ind2="0" tag="245"><subfield code="a">Briefe an David Hilbert</subfield><subfield code="c">Hermann Minkowski; mit Beiträgen und hrsg. von L. Rüdenberg und H. Zassenhaus</subfield></datafield><datafield ind1=" " ind2="1" tag="264"><subfield code="a">Berlin [etc.]</subfield><subfield code="b">Springer</subfield><subfield code="c">1973</subfield></datafield><datafield ind1=" " ind2=" " tag="300"><subfield code="a">165 p.</subfield><subfield code="b">ill., portr.</subfield><subfield code="c">24 cm</subfield></datafield><datafield ind1=" " ind2=" " tag="336"><subfield code="b">txt</subfield><subfield code="2">rdacontent</subfield></datafield><datafield ind1=" " ind2=" " tag="337"><subfield code="b">n</subfield><subfield code="2">rdamedia</subfield></datafield><datafield ind1=" " ind2=" " tag="338"><subfield code="b">nc</subfield><subfield code="2">rdacarrier</subfield></datafield><datafield ind1="1" ind2="7" tag="600"><subfield code="a">Hilbert, David</subfield><subfield code="d">1862-1943</subfield><subfield code="0">(DE-588)11855090X</subfield><subfield code="2">gnd</subfield></datafield><datafield ind1="1" ind2="7" tag="600"><subfield code="a">Minkowski, Hermann</subfield><subfield code="d">1864-1909</subfield><subfield code="0">(DE-588)118734091</subfield><subfield code="2">gnd</subfield></datafield><datafield ind1="1" ind2="0" tag="600"><subfield code="a">Hilbert, David</subfield><subfield code="d">1862-1943</subfield></datafield><datafield ind1="1" ind2="0" tag="600"><subfield code="a">Minkowski, H</subfield><subfield code="q">Hermann</subfield><subfield code="d">1864-1909</subfield></datafield><datafield ind1=" " ind2="0" tag="650"><subfield code="a">Mathematicians</subfield><subfield code="x">Correspondence</subfield></datafield><datafield ind1=" " ind2="7" tag="650"><subfield code="a">BRIEFE + BRIEFWECHSEL (DOKUMENTENTYP)</subfield><subfield code="9">ger</subfield><subfield code="0">(ETHUDK)000000092</subfield><subfield code="2">ethudk</subfield></datafield><datafield ind1=" " ind2="7" tag="650"><subfield code="a">DEUTSCHLAND (MITTELEUROPA). BUNDESREPUBLIK DEUTSCHLAND</subfield><subfield code="9">ger</subfield><subfield code="0">(ETHUDK)000041967</subfield><subfield code="2">ethudk</subfield></datafield><datafield ind1=" " ind2="7" tag="650"><subfield code="a">MATHEMATIK</subfield><subfield code="9">ger</subfield><subfield code="0">(ETHUDK)000012462</subfield><subfield code="2">ethudk</subfield></datafield><datafield ind1=" " ind2="7" tag="650"><subfield code="a">&quot;1862/1943&quot;</subfield><subfield code="2">ethudk</subfield></datafield><datafield ind1=" " ind2="7" tag="655"><subfield code="a">Briefsammlung</subfield><subfield code="2">gnd-content</subfield></datafield><datafield ind1="1" ind2=" " tag="700"><subfield code="a">Hilbert, David</subfield><subfield code="d">1862-1943</subfield><subfield code="0">(DE-588)11855090X</subfield></datafield><datafield ind1="1" ind2=" " tag="700"><subfield code="a">Rüdenberg, L</subfield><subfield code="0">(RERO)A010985717</subfield></datafield><datafield ind1=" " ind2=" " tag="900"><subfield code="a">IDSZRMedeaZBZ</subfield><subfield code="b">IDSZRSWK</subfield></datafield><datafield ind1=" " ind2=" " tag="900"><subfield code="f">IDSU2medea</subfield></datafield><datafield ind1=" " ind2=" " tag="900"><subfield code="a">REROnoselfmerge</subfield></datafield></record>
</metadata></record>