<record><header><identifier>oai:alma.41SLSP_UGE:991000019379705502</identifier><datestamp>2023-04-06T00:12:15Z</datestamp><setSpec>uge_bcen_RapidILL_BOOK</setSpec><setSpec>uge_aaca_RapidILL_BOOK</setSpec><setSpec>uge_abels_RapidILL_BOOK</setSpec><setSpec>uge_dbu_RapidILL_BOOK</setSpec><setSpec>uge_cmu_RapidILL_BOOK</setSpec><setSpec>uge_mail_RapidILL_BOOK</setSpec><setSpec>uge_abbat_RapidILL_BOOK</setSpec><setSpec>UNIGE_ALL</setSpec><setSpec>uge_acar_RapidILL_BOOK</setSpec><setSpec>uge_aobs_RapidILL_BOOK</setSpec></header><metadata>
<record xmlns="http://www.loc.gov/MARC21/slim" xmlns:xsi="http://www.w3.org/2001/XMLSchema-instance" xsi:schemaLocation="http://www.loc.gov/MARC21/slim http://www.loc.gov/standards/marcxml/schema/MARC21slim.xsd"><leader>02058nam a2200469 c 4500</leader><controlfield tag="001">991000019379705502</controlfield><controlfield tag="005">20230405193814.0</controlfield><controlfield tag="008">201011s2003    gw ||||| |||| 00| ||eng d</controlfield><datafield ind1=" " ind2=" " tag="010"><subfield code="a">2003067362</subfield></datafield><datafield ind1=" " ind2=" " tag="020"><subfield code="a">3540205381</subfield><subfield code="q">softcover : acidfree paper</subfield></datafield><datafield ind1=" " ind2=" " tag="035"><subfield code="a">(swissbib)225166992-41slsp_network</subfield></datafield><datafield ind1=" " ind2=" " tag="035"><subfield code="a">225166992</subfield><subfield code="9">ExL</subfield></datafield><datafield ind1=" " ind2=" " tag="035"><subfield code="a">(RERO)R008808732-41slsp</subfield></datafield><datafield ind1=" " ind2=" " tag="035"><subfield code="a">(NEBIS)004647136EBI01</subfield></datafield><datafield ind1=" " ind2=" " tag="035"><subfield code="a">(EXLNZ-41SLSP_NETWORK)991089594679705501</subfield></datafield><datafield ind1=" " ind2=" " tag="040"><subfield code="a">DLC</subfield><subfield code="d">CH-ZuSLS</subfield></datafield><datafield ind1=" " ind2="0" tag="050"><subfield code="a">TK5105.5</subfield><subfield code="b">.P49 2003</subfield></datafield><datafield ind1=" " ind2="7" tag="072"><subfield code="a">in</subfield><subfield code="2">rero</subfield></datafield><datafield ind1="0" ind2="0" tag="082"><subfield code="a">004.6</subfield><subfield code="2">22</subfield></datafield><datafield ind1="0" ind2="0" tag="245"><subfield code="a">Petri net technology for communication-based systems</subfield><subfield code="b">advances in Petri nets</subfield><subfield code="c">Hartmut Ehrig ... [et al.], eds</subfield></datafield><datafield ind1=" " ind2="1" tag="264"><subfield code="a">Berlin</subfield><subfield code="b">Springer</subfield><subfield code="c">2003</subfield></datafield><datafield ind1=" " ind2=" " tag="300"><subfield code="a">viii, 454 p.</subfield><subfield code="b">ill.</subfield><subfield code="c">24 cm</subfield></datafield><datafield ind1=" " ind2=" " tag="336"><subfield code="b">txt</subfield><subfield code="2">rdacontent</subfield></datafield><datafield ind1=" " ind2=" " tag="337"><subfield code="b">n</subfield><subfield code="2">rdamedia</subfield></datafield><datafield ind1=" " ind2=" " tag="338"><subfield code="b">nc</subfield><subfield code="2">rdacarrier</subfield></datafield><datafield ind1="1" ind2=" " tag="490"><subfield code="a">Lecture notes in computer science</subfield><subfield code="v">2472</subfield></datafield><datafield ind1=" " ind2=" " tag="500"><subfield code="a">La couv. porte: State of the art, survey</subfield></datafield><datafield ind1=" " ind2=" " tag="504"><subfield code="a">Includes bibliographical references and index</subfield></datafield><datafield ind1=" " ind2="7" tag="650"><subfield code="a">Petri, Réseaux de</subfield><subfield code="0">(IDREF)027674401</subfield><subfield code="2">idref</subfield></datafield><datafield ind1=" " ind2="7" tag="650"><subfield code="a">Réseaux d'ordinateurs</subfield><subfield code="0">(IDREF)027244105</subfield><subfield code="2">idref</subfield></datafield><datafield ind1=" " ind2="0" tag="650"><subfield code="a">Computer networks</subfield></datafield><datafield ind1=" " ind2="0" tag="650"><subfield code="a">Petri nets</subfield></datafield><datafield ind1=" " ind2="7" tag="650"><subfield code="a">DATENKOMMUNIKATION (COMPUTERSYSTEME)</subfield><subfield code="9">ger</subfield><subfield code="0">(ETHUDK)000061472</subfield><subfield code="2">ethudk</subfield></datafield><datafield ind1=" " ind2="7" tag="650"><subfield code="a">KOMMUNIKATIONSVERWALTUNG (BETRIEBSSYSTEME)</subfield><subfield code="9">ger</subfield><subfield code="0">(ETHUDK)000061433</subfield><subfield code="2">ethudk</subfield></datafield><datafield ind1=" " ind2="7" tag="650"><subfield code="a">PETRINETZE (THEORIE DER REGELUNGSSYSTEME)</subfield><subfield code="9">ger</subfield><subfield code="0">(ETHUDK)000013780</subfield><subfield code="2">ethudk</subfield></datafield><datafield ind1="1" ind2=" " tag="700"><subfield code="a">Ehrig, Hartmut</subfield><subfield code="d">1944-2016</subfield><subfield code="0">(DE-588)107905582</subfield><subfield code="6">880-02</subfield></datafield><datafield ind1="1" ind2=" " tag="880"><subfield code="6">700-02</subfield><subfield code="a">Ehrig, Hartmut</subfield><subfield code="d">1944-....</subfield><subfield code="0">(IDREF)080450857</subfield></datafield><datafield ind1="4" ind2="2" tag="856"><subfield code="3">Note de l'éditeur</subfield><subfield code="u">http://www.loc.gov/catdir/enhancements/fy0813/2003067362-d.html</subfield></datafield><datafield ind1="4" ind2=" " tag="856"><subfield code="3">Abstract / Autoreninformation</subfield><subfield code="u">https://toc.library.ethz.ch/objects/pdf/000072666_e01_3540205381_02.pdf</subfield><subfield code="q">pdf</subfield></datafield><datafield ind1=" " ind2=" " tag="830"><subfield code="a">Lecture notes in computer science</subfield><subfield code="n">1 (1973) - 2999 (2004)</subfield><subfield code="v">2472</subfield><subfield code="w">(NEBIS)000025969EBI01</subfield></datafield><datafield ind1=" " ind2=" " tag="830"><subfield code="a">Lecture notes in computer science</subfield><subfield code="v">2472</subfield><subfield code="w">(RERO)0078255-41slsp</subfield></datafield><datafield ind1=" " ind2=" " tag="900"><subfield code="a">REROnoselfmerge</subfield></datafield><datafield ind1=" " ind2=" " tag="910"><subfield code="a">LOC</subfield><subfield code="b">20180615</subfield><subfield code="c">Réutilisation sous conditions</subfield></datafield></record>
</metadata></record>