<record><header><identifier>oai:alma.41SLSP_UGE:991000018859705502</identifier><datestamp>2023-03-01T01:09:12Z</datestamp><setSpec>uge_bcen_RapidILL_BOOK</setSpec><setSpec>uge_aaca_RapidILL_BOOK</setSpec><setSpec>uge_abels_RapidILL_BOOK</setSpec><setSpec>uge_dbu_RapidILL_BOOK</setSpec><setSpec>uge_cmu_RapidILL_BOOK</setSpec><setSpec>uge_mail_RapidILL_BOOK</setSpec><setSpec>UNIGE_ALL</setSpec><setSpec>uge_abbat_RapidILL_BOOK</setSpec><setSpec>uge_aobs_RapidILL_BOOK</setSpec><setSpec>uge_acar_RapidILL_BOOK</setSpec></header><metadata>
<record xmlns="http://www.loc.gov/MARC21/slim" xmlns:xsi="http://www.w3.org/2001/XMLSchema-instance" xsi:schemaLocation="http://www.loc.gov/MARC21/slim http://www.loc.gov/standards/marcxml/schema/MARC21slim.xsd"><leader>01353nam a2200337uc 4500</leader><controlfield tag="001">991000018859705502</controlfield><controlfield tag="005">20210206204149.0</controlfield><controlfield tag="008">201012s1977    xxu    |      10| ||eng|d</controlfield><datafield ind1=" " ind2=" " tag="010"><subfield code="a">77083344</subfield></datafield><datafield ind1=" " ind2=" " tag="020"><subfield code="a">0883181363</subfield></datafield><datafield ind1=" " ind2=" " tag="035"><subfield code="a">(swissbib)234353104-41slsp_network</subfield></datafield><datafield ind1=" " ind2=" " tag="035"><subfield code="a">234353104</subfield><subfield code="9">ExL</subfield></datafield><datafield ind1=" " ind2=" " tag="035"><subfield code="a">(NEBIS)000115803EBI01</subfield></datafield><datafield ind1=" " ind2=" " tag="035"><subfield code="a">(RERO)R004233704-41slsp</subfield></datafield><datafield ind1=" " ind2=" " tag="035"><subfield code="a">(EXLNZ-41SLSP_NETWORK)991129734329705501</subfield></datafield><datafield ind1=" " ind2=" " tag="040"><subfield code="a">ETH-BIB</subfield><subfield code="b">ger</subfield><subfield code="e">ETHICS-ISBD</subfield><subfield code="d">CH-ZuSLS</subfield></datafield><datafield ind1=" " ind2="7" tag="072"><subfield code="a">py</subfield><subfield code="2">rero</subfield></datafield><datafield ind1="0" ind2="0" tag="245"><subfield code="a">Weak interaction physics-1977</subfield><subfield code="b">(Indiana University)</subfield><subfield code="c">ed.: D. B. Lichtenberg</subfield></datafield><datafield ind1=" " ind2="1" tag="264"><subfield code="a">New York</subfield><subfield code="b">American Institute of Physics</subfield><subfield code="c">1977</subfield></datafield><datafield ind1=" " ind2=" " tag="300"><subfield code="a">152 S.</subfield><subfield code="c">25 cm</subfield><subfield code="b">Ill.</subfield></datafield><datafield ind1=" " ind2=" " tag="336"><subfield code="b">txt</subfield><subfield code="2">rdacontent</subfield></datafield><datafield ind1=" " ind2=" " tag="337"><subfield code="b">n</subfield><subfield code="2">rdamedia</subfield></datafield><datafield ind1=" " ind2=" " tag="338"><subfield code="b">nc</subfield><subfield code="2">rdacarrier</subfield></datafield><datafield ind1="1" ind2=" " tag="490"><subfield code="a">AIP conference proceedings</subfield><subfield code="v">no. 37</subfield></datafield><datafield ind1=" " ind2=" " tag="500"><subfield code="a">&quot;A conference devoted to the present status of weak-interaction physics was held at Indiana University, Bloomington, on May 16 and 17, 1977.&quot;</subfield></datafield><datafield ind1=" " ind2=" " tag="504"><subfield code="a">Bibliogr.</subfield></datafield><datafield ind1=" " ind2="7" tag="650"><subfield code="a">SCHWACHE WECHSELWIRKUNGEN (TEILCHENPHYSIK)</subfield><subfield code="9">ger</subfield><subfield code="0">(ETHUDK)000015349</subfield><subfield code="2">ethudk</subfield></datafield><datafield ind1=" " ind2="7" tag="655"><subfield code="a">Konferenzschrift</subfield><subfield code="z">Bloomington (IN)</subfield><subfield code="y">1977/05</subfield><subfield code="2">gnd-content</subfield></datafield><datafield ind1="1" ind2=" " tag="700"><subfield code="a">Lichtenberg, Don Bernett</subfield><subfield code="0">(IDREF)115998888</subfield></datafield><datafield ind1="2" ind2=" " tag="711"><subfield code="a">Weak Interaction Physics</subfield><subfield code="d">1977</subfield><subfield code="c">Bloomington, IN</subfield><subfield code="0">(DE-588)1091373515</subfield></datafield><datafield ind1=" " ind2="0" tag="830"><subfield code="a">AIP conference proceedings</subfield><subfield code="v">37</subfield><subfield code="w">(NEBIS)000025027EBI01</subfield></datafield><datafield ind1=" " ind2=" " tag="900"><subfield code="a">REROnoselfmerge</subfield></datafield></record>
</metadata></record>