<record><header><identifier>oai:alma.41SLSP_UGE:991000019089705502</identifier><datestamp>2023-03-01T01:09:12Z</datestamp><setSpec>uge_bcen_RapidILL_BOOK</setSpec><setSpec>uge_aaca_RapidILL_BOOK</setSpec><setSpec>uge_abels_RapidILL_BOOK</setSpec><setSpec>uge_dbu_RapidILL_BOOK</setSpec><setSpec>uge_cmu_RapidILL_BOOK</setSpec><setSpec>uge_mail_RapidILL_BOOK</setSpec><setSpec>UNIGE_ALL</setSpec><setSpec>uge_abbat_RapidILL_BOOK</setSpec><setSpec>uge_aobs_RapidILL_BOOK</setSpec><setSpec>uge_acar_RapidILL_BOOK</setSpec></header><metadata>
<record xmlns="http://www.loc.gov/MARC21/slim" xmlns:xsi="http://www.w3.org/2001/XMLSchema-instance" xsi:schemaLocation="http://www.loc.gov/MARC21/slim http://www.loc.gov/standards/marcxml/schema/MARC21slim.xsd"><leader>01701nam a22004097c 4500</leader><controlfield tag="001">991000019089705502</controlfield><controlfield tag="005">20201230224452.0</controlfield><controlfield tag="008">201011s1963    be ||||| |||| 00| ||eng d</controlfield><datafield ind1=" " ind2=" " tag="035"><subfield code="a">(swissbib)228343275-41slsp_network</subfield></datafield><datafield ind1=" " ind2=" " tag="035"><subfield code="a">228343275</subfield><subfield code="9">ExL</subfield></datafield><datafield ind1=" " ind2=" " tag="035"><subfield code="a">(RERO)0236088-41slsp</subfield></datafield><datafield ind1=" " ind2=" " tag="035"><subfield code="a">(NEBIS)009056377EBI01</subfield></datafield><datafield ind1=" " ind2=" " tag="035"><subfield code="a">(NEBIS)004786905EBI01</subfield></datafield><datafield ind1=" " ind2=" " tag="035"><subfield code="a">(EXLNZ-41SLSP_NETWORK)991090628629705501</subfield></datafield><datafield ind1=" " ind2=" " tag="040"><subfield code="a">RERO</subfield><subfield code="d">CH-ZuSLS</subfield></datafield><datafield ind1=" " ind2="7" tag="072"><subfield code="a">ba</subfield><subfield code="2">rero</subfield></datafield><datafield ind1="1" ind2=" " tag="100"><subfield code="a">Burchard, Ludwig</subfield><subfield code="0">(RERO)A003057547</subfield><subfield code="4">cre</subfield><subfield code="6">880-01</subfield></datafield><datafield ind1="1" ind2=" " tag="880"><subfield code="a">Burchard, Ludwig</subfield><subfield code="d">1886-1960</subfield><subfield code="0">(DE-588)117160849</subfield><subfield code="6">100-01</subfield></datafield><datafield ind1="1" ind2="0" tag="245"><subfield code="a">Rubens drawings</subfield><subfield code="c">L. Burchard, R.-A. d'Hulst</subfield></datafield><datafield ind1=" " ind2="1" tag="264"><subfield code="a">Brussels</subfield><subfield code="b">Arcade Press</subfield><subfield code="c">1963</subfield></datafield><datafield ind1=" " ind2=" " tag="300"><subfield code="a">2 vol.</subfield><subfield code="b">fig.</subfield><subfield code="c">27 cm</subfield></datafield><datafield ind1=" " ind2=" " tag="336"><subfield code="b">txt</subfield><subfield code="2">rdacontent</subfield></datafield><datafield ind1=" " ind2=" " tag="337"><subfield code="b">n</subfield><subfield code="2">rdamedia</subfield></datafield><datafield ind1=" " ind2=" " tag="338"><subfield code="b">nc</subfield><subfield code="2">rdacarrier</subfield></datafield><datafield ind1="1" ind2=" " tag="490"><subfield code="a">Monographs of the &quot;Nationaal Centrum voor de plastische Kunsten van de XVIde en XVIIde eeuw&quot;</subfield><subfield code="v">2</subfield></datafield><datafield ind1="0" ind2="0" tag="505"><subfield code="g">[1]:</subfield><subfield code="t">Text. - 356 p</subfield></datafield><datafield ind1="0" ind2="0" tag="505"><subfield code="g">[2]:</subfield><subfield code="t">Illustrations. - 208 pl</subfield></datafield><datafield ind1="1" ind2="7" tag="600"><subfield code="a">Rubens, Peter Paul</subfield><subfield code="d">1577-1640</subfield><subfield code="0">(DE-588)11860354X</subfield><subfield code="2">gnd</subfield></datafield><datafield ind1=" " ind2=" " tag="690"><subfield code="a">Rubens, Peter Paul. Zeichnung</subfield><subfield code="2">uzb-US</subfield></datafield><datafield ind1="1" ind2=" " tag="700"><subfield code="a">Hulst, R.-A. &lt;&lt;d'&gt;&gt;</subfield><subfield code="d">1917-1996</subfield><subfield code="0">(DE-588)130450413</subfield></datafield><datafield ind1="1" ind2=" " tag="700"><subfield code="a">D'Hulst, Roger-Adolf</subfield><subfield code="0">(IDREF)032377460</subfield></datafield><datafield ind1="1" ind2=" " tag="700"><subfield code="a">Rubens, Peter Paul</subfield><subfield code="d">1577-1640</subfield><subfield code="0">(DE-588)11860354X</subfield><subfield code="6">880-03</subfield></datafield><datafield ind1="1" ind2=" " tag="880"><subfield code="6">700-03</subfield><subfield code="a">Rubens, Petrus Paulus</subfield><subfield code="d">1577-1640</subfield><subfield code="0">(IDREF)02998551X</subfield></datafield><datafield ind1=" " ind2=" " tag="830"><subfield code="a">Monographien des &quot;Nationaal Centrum voor de Plastische Kunsten van de XVIde en XVIIde eeuw&quot;</subfield><subfield code="v">2</subfield><subfield code="w">(RERO)0019145-41slsp</subfield></datafield><datafield ind1=" " ind2=" " tag="830"><subfield code="a">Monographs of the Nationaal Centrum voor de plastische Kunsten van de XVI de en XVII de eeew</subfield><subfield code="v">2</subfield><subfield code="w">(NEBIS)009335152EBI01</subfield></datafield><datafield ind1=" " ind2=" " tag="900"><subfield code="a">REROnoselfmerge</subfield></datafield><datafield ind1=" " ind2=" " tag="900"><subfield code="f">IDSU2medea</subfield></datafield><datafield ind1=" " ind2=" " tag="900"><subfield code="a">IDSERMedeaSIK</subfield></datafield></record>
</metadata></record>