<record><header><identifier>oai:alma.41SLSP_UGE:991000018979705502</identifier><datestamp>2023-07-01T00:17:23Z</datestamp><setSpec>uge_bcen_RapidILL_BOOK</setSpec><setSpec>uge_aaca_RapidILL_BOOK</setSpec><setSpec>uge_abels_RapidILL_BOOK</setSpec><setSpec>uge_dbu_RapidILL_BOOK</setSpec><setSpec>uge_cmu_RapidILL_BOOK</setSpec><setSpec>uge_mail_RapidILL_BOOK</setSpec><setSpec>uge_abbat_RapidILL_BOOK</setSpec><setSpec>UNIGE_ALL</setSpec><setSpec>uge_aobs_RapidILL_BOOK</setSpec><setSpec>uge_acar_RapidILL_BOOK</setSpec></header><metadata>
<record xmlns="http://www.loc.gov/MARC21/slim" xmlns:xsi="http://www.w3.org/2001/XMLSchema-instance" xsi:schemaLocation="http://www.loc.gov/MARC21/slim http://www.loc.gov/standards/marcxml/schema/MARC21slim.xsd"><leader>03665naa a2200625 c 4500</leader><controlfield tag="001">991000018979705502</controlfield><controlfield tag="005">20230630213759.0</controlfield><controlfield tag="008">011203s2001    sz ||||| |||| 10| ||ger d</controlfield><datafield ind1=" " ind2=" " tag="035"><subfield code="a">(swissbib)097366676-41slsp_network</subfield></datafield><datafield ind1=" " ind2=" " tag="035"><subfield code="a">097366676</subfield><subfield code="9">ExL</subfield></datafield><datafield ind1=" " ind2=" " tag="035"><subfield code="a">(RERO)R003123088-41slsp</subfield></datafield><datafield ind1=" " ind2=" " tag="035"><subfield code="a">(EXLNZ-41SLSP_NETWORK)991126174419705501</subfield></datafield><datafield ind1=" " ind2=" " tag="040"><subfield code="a">RERO gecjpj</subfield><subfield code="d">CH-ZuSLS</subfield></datafield><datafield ind1="0" ind2=" " tag="041"><subfield code="a">ger</subfield><subfield code="a">fre</subfield></datafield><datafield ind1=" " ind2=" " tag="044"><subfield code="a">sz</subfield><subfield code="c">ch-be</subfield></datafield><datafield ind1=" " ind2="7" tag="072"><subfield code="a">dr</subfield><subfield code="2">rero</subfield></datafield><datafield ind1=" " ind2=" " tag="084"><subfield code="a">CA/CH 96 i</subfield><subfield code="2">cjurrom</subfield></datafield><datafield ind1="1" ind2=" " tag="100"><subfield code="a">Schöbi, Christian</subfield><subfield code="0">(RERO)A003814216</subfield><subfield code="4">cre</subfield></datafield><datafield ind1="1" ind2="0" tag="245"><subfield code="a">Gerichtskosten, Parteikosten, Prozesskaution, unentgeltliche Prozessführung (und Modelle zur Beschränkung ihrer kosten) - Fragebogen</subfield><subfield code="b">= Frais de justice, frais d'avocat, caution/sûretés, assistance juridique (et instruments permettant la limitation des coûts) - questionnaire</subfield><subfield code="c">Christian Schöbi</subfield></datafield><datafield ind1="1" ind2=" " tag="246"><subfield code="a">Frais de justice, frais d'avocat, caution/sûretés, assistance juridique (et instruments permettant la limitation des coûts) - questionnaire</subfield></datafield><datafield ind1=" " ind2=" " tag="336"><subfield code="b">txt</subfield><subfield code="2">rdacontent</subfield></datafield><datafield ind1=" " ind2=" " tag="337"><subfield code="b">n</subfield><subfield code="2">rdamedia</subfield></datafield><datafield ind1=" " ind2=" " tag="338"><subfield code="b">nc</subfield><subfield code="2">rdacarrier</subfield></datafield><datafield ind1=" " ind2=" " tag="580"><subfield code="a">In: Gerichtskosten, Parteikosten, Prozesskaution, unentgeltliche Prozessführung. - Bern : Stämpfli, 2001. - P. 211-226</subfield></datafield><datafield ind1=" " ind2="7" tag="650"><subfield code="a">Zivilprozess</subfield><subfield code="9">ger</subfield><subfield code="0">(RERO)jurivoc000027110ger</subfield><subfield code="2">jurivoc</subfield></datafield><datafield ind1=" " ind2="7" tag="650"><subfield code="a">Verfahrenskosten</subfield><subfield code="9">ger</subfield><subfield code="0">(RERO)jurivoc000024375ger</subfield><subfield code="2">jurivoc</subfield></datafield><datafield ind1=" " ind2="7" tag="650"><subfield code="a">Gerichtskosten</subfield><subfield code="9">ger</subfield><subfield code="0">(RERO)jurivoc000009644ger</subfield><subfield code="2">jurivoc</subfield></datafield><datafield ind1=" " ind2="7" tag="650"><subfield code="a">Parteientschädigung</subfield><subfield code="9">ger</subfield><subfield code="0">(RERO)jurivoc000016859ger</subfield><subfield code="2">jurivoc</subfield></datafield><datafield ind1=" " ind2="7" tag="650"><subfield code="a">unentgeltliche Rechtspflege</subfield><subfield code="9">ger</subfield><subfield code="0">(RERO)jurivoc000023525ger</subfield><subfield code="2">jurivoc</subfield></datafield><datafield ind1=" " ind2="7" tag="650"><subfield code="a">kantonales Recht</subfield><subfield code="9">ger</subfield><subfield code="0">(RERO)jurivoc000012405ger</subfield><subfield code="2">jurivoc</subfield></datafield><datafield ind1=" " ind2="7" tag="650"><subfield code="a">assistance juridique et judiciaire</subfield><subfield code="0">(RERO)A009952796</subfield><subfield code="2">rerovoc</subfield></datafield><datafield ind1=" " ind2="7" tag="650"><subfield code="a">Frais de justice</subfield><subfield code="0">(IDREF)027742229</subfield><subfield code="2">idref</subfield></datafield><datafield ind1=" " ind2="7" tag="650"><subfield code="a">Procédure (droit)</subfield><subfield code="0">(IDREF)027479625</subfield><subfield code="2">idref</subfield></datafield><datafield ind1=" " ind2="7" tag="651"><subfield code="a">Schweiz</subfield><subfield code="9">ger</subfield><subfield code="0">(RERO)jurivoc000019912ger</subfield><subfield code="2">jurivoc</subfield></datafield><datafield ind1=" " ind2="7" tag="651"><subfield code="a">Aargau</subfield><subfield code="9">ger</subfield><subfield code="0">(RERO)jurivoc000000070ger</subfield><subfield code="2">jurivoc</subfield></datafield><datafield ind1=" " ind2="7" tag="651"><subfield code="a">Bern(Kanton)</subfield><subfield code="9">ger</subfield><subfield code="0">(RERO)jurivoc000003287ger</subfield><subfield code="2">jurivoc</subfield></datafield><datafield ind1=" " ind2="7" tag="651"><subfield code="a">Basel-Landschaft</subfield><subfield code="9">ger</subfield><subfield code="0">(RERO)jurivoc000002749ger</subfield><subfield code="2">jurivoc</subfield></datafield><datafield ind1=" " ind2="7" tag="651"><subfield code="a">Basel-Stadt(Kanton)</subfield><subfield code="9">ger</subfield><subfield code="0">(RERO)jurivoc000002751ger</subfield><subfield code="2">jurivoc</subfield></datafield><datafield ind1=" " ind2="7" tag="651"><subfield code="a">Freiburg(Kanton)</subfield><subfield code="9">ger</subfield><subfield code="0">(RERO)jurivoc000008708ger</subfield><subfield code="2">jurivoc</subfield></datafield><datafield ind1=" " ind2="7" tag="651"><subfield code="a">Genf(Kanton)</subfield><subfield code="9">ger</subfield><subfield code="0">(RERO)jurivoc000009538ger</subfield><subfield code="2">jurivoc</subfield></datafield><datafield ind1=" " ind2="7" tag="651"><subfield code="a">Glarus(Kanton)</subfield><subfield code="9">ger</subfield><subfield code="0">(RERO)jurivoc000010151ger</subfield><subfield code="2">jurivoc</subfield></datafield><datafield ind1=" " ind2="7" tag="651"><subfield code="a">Graubünden</subfield><subfield code="9">ger</subfield><subfield code="0">(RERO)jurivoc000010274ger</subfield><subfield code="2">jurivoc</subfield></datafield><datafield ind1=" " ind2="7" tag="651"><subfield code="a">Jura</subfield><subfield code="9">ger</subfield><subfield code="0">(RERO)jurivoc000012263ger</subfield><subfield code="2">jurivoc</subfield></datafield><datafield ind1=" " ind2="7" tag="651"><subfield code="a">Luzern(Kanton)</subfield><subfield code="9">ger</subfield><subfield code="0">(RERO)jurivoc000014520ger</subfield><subfield code="2">jurivoc</subfield></datafield><datafield ind1=" " ind2="7" tag="651"><subfield code="a">Neuenburg(Kanton)</subfield><subfield code="9">ger</subfield><subfield code="0">(RERO)jurivoc000015832ger</subfield><subfield code="2">jurivoc</subfield></datafield><datafield ind1=" " ind2="7" tag="651"><subfield code="a">Sankt Gallen(Kanton)</subfield><subfield code="9">ger</subfield><subfield code="0">(RERO)jurivoc000019368ger</subfield><subfield code="2">jurivoc</subfield></datafield><datafield ind1=" " ind2="7" tag="651"><subfield code="a">Solothurn(Kanton)</subfield><subfield code="9">ger</subfield><subfield code="0">(RERO)jurivoc000020401ger</subfield><subfield code="2">jurivoc</subfield></datafield><datafield ind1=" " ind2="7" tag="651"><subfield code="a">Schaffhausen(Kanton)</subfield><subfield code="9">ger</subfield><subfield code="0">(RERO)jurivoc000019432ger</subfield><subfield code="2">jurivoc</subfield></datafield><datafield ind1=" " ind2="7" tag="651"><subfield code="a">Thurgau</subfield><subfield code="9">ger</subfield><subfield code="0">(RERO)jurivoc000022459ger</subfield><subfield code="2">jurivoc</subfield></datafield><datafield ind1=" " ind2="7" tag="651"><subfield code="a">Tessin(Kanton)</subfield><subfield code="9">ger</subfield><subfield code="0">(RERO)jurivoc000022419ger</subfield><subfield code="2">jurivoc</subfield></datafield><datafield ind1=" " ind2="7" tag="651"><subfield code="a">Uri</subfield><subfield code="9">ger</subfield><subfield code="0">(RERO)jurivoc000024029ger</subfield><subfield code="2">jurivoc</subfield></datafield><datafield ind1=" " ind2="7" tag="651"><subfield code="a">Wallis</subfield><subfield code="9">ger</subfield><subfield code="0">(RERO)jurivoc000026102ger</subfield><subfield code="2">jurivoc</subfield></datafield><datafield ind1=" " ind2="7" tag="651"><subfield code="a">Zug(Kanton)</subfield><subfield code="9">ger</subfield><subfield code="0">(RERO)jurivoc000027287ger</subfield><subfield code="2">jurivoc</subfield></datafield><datafield ind1=" " ind2="7" tag="651"><subfield code="a">Zürich(Kanton)</subfield><subfield code="9">ger</subfield><subfield code="0">(RERO)jurivoc000027353ger</subfield><subfield code="2">jurivoc</subfield></datafield><datafield ind1=" " ind2="7" tag="651"><subfield code="a">Suisse</subfield><subfield code="0">(IDREF)027249654</subfield><subfield code="2">idref</subfield></datafield><datafield ind1="0" ind2=" " tag="773"><subfield code="t">Gerichtskosten, Parteikosten, Prozesskaution, unentgeltliche Prozessführung (und Modelle zur Beschränkung ihrer Kosten) = Frais de justice, frais d'avocats, cautions/sûretés, assistance juridique (et instruments permettant la limitation des coûts)</subfield><subfield code="g">211</subfield><subfield code="w">(RERO)R003069483-41slsp</subfield></datafield></record>
</metadata></record>