<record><header><identifier>oai:alma.41SLSP_UGE:991000018669705502</identifier><datestamp>2024-05-03T00:21:15Z</datestamp><setSpec>uge_bcen_RapidILL_BOOK</setSpec><setSpec>uge_aaca_RapidILL_BOOK</setSpec><setSpec>uge_abels_RapidILL_BOOK</setSpec><setSpec>uge_dbu_RapidILL_BOOK</setSpec><setSpec>uge_cmu_RapidILL_BOOK</setSpec><setSpec>uge_mail_RapidILL_BOOK</setSpec><setSpec>uge_abbat_RapidILL_BOOK</setSpec><setSpec>UNIGE_ALL</setSpec><setSpec>uge_acar_RapidILL_BOOK</setSpec><setSpec>uge_aobs_RapidILL_BOOK</setSpec></header><metadata>
<record xmlns="http://www.loc.gov/MARC21/slim" xmlns:xsi="http://www.w3.org/2001/XMLSchema-instance" xsi:schemaLocation="http://www.loc.gov/MARC21/slim http://www.loc.gov/standards/marcxml/schema/MARC21slim.xsd"><leader>03145nam a2200637 c 4500</leader><controlfield tag="001">991000018669705502</controlfield><controlfield tag="005">20230508151047.0</controlfield><controlfield tag="008">201011s2019    sp       b||| 001 0 spa| </controlfield><datafield ind1=" " ind2=" " tag="010"><subfield code="a">2019425318</subfield></datafield><datafield ind1="7" ind2=" " tag="016"><subfield code="a">019376513</subfield><subfield code="2">Uk</subfield></datafield><datafield ind1=" " ind2=" " tag="020"><subfield code="z">9783964568342</subfield><subfield code="q">e-Book</subfield></datafield><datafield ind1=" " ind2=" " tag="020"><subfield code="a">9788491920533</subfield><subfield code="q">Iberoamericana</subfield></datafield><datafield ind1=" " ind2=" " tag="020"><subfield code="a">9783964568335</subfield><subfield code="q">Vervuert</subfield></datafield><datafield ind1=" " ind2=" " tag="035"><subfield code="a">(swissbib)228445388-41slsp_network</subfield></datafield><datafield ind1=" " ind2=" " tag="035"><subfield code="a">228445388</subfield><subfield code="9">ExL</subfield></datafield><datafield ind1=" " ind2=" " tag="035"><subfield code="a">(IDSBB)007108183DSV01</subfield></datafield><datafield ind1=" " ind2=" " tag="035"><subfield code="a">(RERO)R008920892-41slsp</subfield></datafield><datafield ind1=" " ind2=" " tag="035"><subfield code="a">(OCoLC)1091282131</subfield><subfield code="z">(OCoLC)1096530403</subfield></datafield><datafield ind1=" " ind2=" " tag="035"><subfield code="a">(EXLNZ-41SLSP_NETWORK)991017804049705501</subfield></datafield><datafield ind1=" " ind2=" " tag="040"><subfield code="a">DLC</subfield><subfield code="b">ger</subfield><subfield code="e">rda</subfield><subfield code="d">CH-ZuSLS</subfield></datafield><datafield ind1=" " ind2=" " tag="042"><subfield code="a">pcc</subfield></datafield><datafield ind1=" " ind2=" " tag="043"><subfield code="a">e-po---</subfield><subfield code="a">e-sp---</subfield></datafield><datafield ind1="0" ind2="0" tag="050"><subfield code="a">PQ6284</subfield><subfield code="b">.S243 2019</subfield></datafield><datafield ind1="1" ind2=" " tag="080"><subfield code="a">860&quot;16&quot;CAL7Sab</subfield></datafield><datafield ind1="7" ind2="4" tag="082"><subfield code="a">860</subfield><subfield code="2">23sdnb</subfield></datafield><datafield ind1="0" ind2="4" tag="082"><subfield code="a">862.3</subfield><subfield code="2">23/ger</subfield></datafield><datafield ind1="1" ind2="4" tag="082"><subfield code="a">860</subfield><subfield code="2">15</subfield></datafield><datafield ind1="1" ind2="4" tag="082"><subfield code="a">862</subfield><subfield code="2">14</subfield></datafield><datafield ind1=" " ind2=" " tag="084"><subfield code="a">IO 3500</subfield><subfield code="2">rvk</subfield></datafield><datafield ind1=" " ind2=" " tag="084"><subfield code="a">IO 3501</subfield><subfield code="2">rvk</subfield></datafield><datafield ind1=" " ind2=" " tag="084"><subfield code="a">400</subfield><subfield code="2">sdnb</subfield></datafield><datafield ind1="1" ind2=" " tag="100"><subfield code="a">Calderón de la Barca, Pedro</subfield><subfield code="d">1600-1681</subfield><subfield code="6">880-01</subfield><subfield code="0">(DE-588)118518399</subfield><subfield code="4">aut</subfield></datafield><datafield ind1="1" ind2=" " tag="880"><subfield code="6">100-01</subfield><subfield code="a">Calderón de la Barca, Pedro</subfield><subfield code="d">1600-1681</subfield><subfield code="0">(IDREF)026762668</subfield><subfield code="4">aut</subfield></datafield><datafield ind1="1" ind2="0" tag="245"><subfield code="a">Saber del mal y el bien</subfield><subfield code="c">Pedro Calderón de la Barca ; edición de Victoriano Roncero</subfield></datafield><datafield ind1=" " ind2="1" tag="264"><subfield code="a">Madrid</subfield><subfield code="b">Iberoamericana</subfield><subfield code="c">2019</subfield><subfield code="a">Frankfurt am Main</subfield><subfield code="b">Vervuert</subfield></datafield><datafield ind1=" " ind2=" " tag="300"><subfield code="a">206 Seiten</subfield><subfield code="c">24 cm</subfield></datafield><datafield ind1=" " ind2=" " tag="336"><subfield code="b">txt</subfield><subfield code="2">rdacontent</subfield></datafield><datafield ind1=" " ind2=" " tag="337"><subfield code="b">n</subfield><subfield code="2">rdamedia</subfield></datafield><datafield ind1=" " ind2=" " tag="338"><subfield code="b">nc</subfield><subfield code="2">rdacarrier</subfield></datafield><datafield ind1="1" ind2=" " tag="490"><subfield code="a">Biblioteca áurea hispánica</subfield><subfield code="v">127</subfield></datafield><datafield ind1="1" ind2=" " tag="490"><subfield code="a">Comedias completas de Calderón</subfield><subfield code="v">21</subfield></datafield><datafield ind1=" " ind2=" " tag="504"><subfield code="a">Includes bibliographical references (pages 65-75) and index</subfield></datafield><datafield ind1="8" ind2=" " tag="520"><subfield code="a">Calderón escribió &quot;La comedia famosa Saber del mal y el bien&quot; entre los años 1624 y 1627, y la publicó en su &quot;Primera parte de comedias&quot; en Madrid en 1636. La comedia pertenece al subgénero dramático de las &quot;comedias de privanza&quot;. La trama se centra en los primeros años del reinado de Alfonso VII de Castilla y León y el valimiento, inventado por Calderón, de don Pedro González de Lara. La obra aborda los principales aspectos del valido: inestabilidad del cargo, papel en el gobierno y amistad con el rey</subfield></datafield><datafield ind1="1" ind2="7" tag="600"><subfield code="a">Calderón de la Barca, Pedro</subfield><subfield code="d">1600-1681</subfield><subfield code="t">Saber del mal y el bien</subfield><subfield code="0">(DE-588)118784053X</subfield><subfield code="2">gnd</subfield></datafield><datafield ind1="1" ind2="0" tag="600"><subfield code="a">Calderón de la Barca, Pedro</subfield><subfield code="d">1600-1681</subfield><subfield code="x">Saber del mal y el bien</subfield></datafield><datafield ind1="1" ind2="7" tag="600"><subfield code="a">Calderón de la Barca, Pedro</subfield><subfield code="d">1600-1681</subfield><subfield code="2">fast</subfield></datafield><datafield ind1=" " ind2="7" tag="650"><subfield code="a">Textgeschichte</subfield><subfield code="0">(DE-588)4117192-5</subfield><subfield code="2">gnd</subfield></datafield><datafield ind1=" " ind2="7" tag="655"><subfield code="a">Kommentar</subfield><subfield code="2">gnd-content</subfield></datafield><datafield ind1="1" ind2=" " tag="700"><subfield code="6">880-02</subfield><subfield code="a">Roncero López, Victoriano</subfield><subfield code="d">1959-</subfield><subfield code="0">(DE-588)120437007</subfield><subfield code="4">edt</subfield></datafield><datafield ind1="1" ind2=" " tag="880"><subfield code="6">700-02</subfield><subfield code="a">Roncero López, Victoriano</subfield><subfield code="d">1959-....</subfield><subfield code="0">(IDREF)031797296</subfield><subfield code="4">edt</subfield></datafield><datafield ind1="4" ind2=" " tag="856"><subfield code="3">Inhaltsverzeichnis</subfield><subfield code="u">http://www.ub.unibas.ch/tox/GBV/1665055316/PDF</subfield><subfield code="q">pdf</subfield></datafield><datafield ind1="1" ind2=" " tag="800"><subfield code="a">Calderón de la Barca, Pedro</subfield><subfield code="d">1600-1681</subfield><subfield code="t">Comedias completas de Calderón</subfield><subfield code="v">21</subfield><subfield code="w">(IDSBB)004275474DSV01</subfield></datafield><datafield ind1=" " ind2="0" tag="830"><subfield code="a">Biblioteca áurea hispánica</subfield><subfield code="v">127</subfield><subfield code="w">(IDSBB)001537956DSV01</subfield></datafield><datafield ind1=" " ind2="0" tag="830"><subfield code="a">Biblioteca áurea hispánica</subfield><subfield code="v">127</subfield><subfield code="w">(RERO)R244068260-41slsp</subfield></datafield><datafield ind1="1" ind2=" " tag="800"><subfield code="a">Calderón de La Barca, Pedro</subfield><subfield code="d">1600-1681</subfield><subfield code="t">Comedias completas</subfield><subfield code="v">21</subfield><subfield code="w">(RERO)R004415861-41slsp</subfield></datafield><datafield ind1=" " ind2=" " tag="900"><subfield code="a">Stoppsignal FRED</subfield><subfield code="x">27.11.2019</subfield></datafield><datafield ind1=" " ind2=" " tag="949"><subfield code="a">http://www.ub.unibas.ch/tox/GBV/1665055316/PDF</subfield></datafield></record>
</metadata></record>