<record><header><identifier>oai:alma.41SLSP_UGE:991000019499705502</identifier><datestamp>2024-03-08T01:29:36Z</datestamp><setSpec>uge_bcen_RapidILL_BOOK</setSpec><setSpec>uge_aaca_RapidILL_BOOK</setSpec><setSpec>uge_abels_RapidILL_BOOK</setSpec><setSpec>uge_dbu_RapidILL_BOOK</setSpec><setSpec>uge_cmu_RapidILL_BOOK</setSpec><setSpec>uge_mail_RapidILL_BOOK</setSpec><setSpec>uge_abbat_RapidILL_BOOK</setSpec><setSpec>UNIGE_ALL</setSpec><setSpec>uge_acar_RapidILL_BOOK</setSpec><setSpec>uge_aobs_RapidILL_BOOK</setSpec></header><metadata>
<record xmlns="http://www.loc.gov/MARC21/slim" xmlns:xsi="http://www.w3.org/2001/XMLSchema-instance" xsi:schemaLocation="http://www.loc.gov/MARC21/slim http://www.loc.gov/standards/marcxml/schema/MARC21slim.xsd"><leader>02283nam a2200601 c 4500</leader><controlfield tag="001">991000019499705502</controlfield><controlfield tag="005">20240307235022.0</controlfield><controlfield tag="008">201011s2017    gw |||||      00| ||ger| </controlfield><datafield ind1=" " ind2=" " tag="015"><subfield code="a">17,A11</subfield><subfield code="z">16,N49</subfield><subfield code="2">dnb</subfield></datafield><datafield ind1="7" ind2=" " tag="016"><subfield code="a">1120614538</subfield><subfield code="2">DE-101</subfield></datafield><datafield ind1=" " ind2=" " tag="020"><subfield code="a">3835319795</subfield></datafield><datafield ind1=" " ind2=" " tag="020"><subfield code="a">9783835319790</subfield><subfield code="q">Festeinband</subfield><subfield code="c">circa EUR 18.00 (DE), circa EUR 18.50 (AT)</subfield></datafield><datafield ind1="3" ind2=" " tag="024"><subfield code="a">9783835319790</subfield></datafield><datafield ind1="7" ind2=" " tag="024"><subfield code="a">http://catalogue.bnf.fr/ark:/12148/cb452228478</subfield><subfield code="2">uri</subfield></datafield><datafield ind1=" " ind2=" " tag="035"><subfield code="a">(swissbib)220719705-41slsp_network</subfield></datafield><datafield ind1=" " ind2=" " tag="035"><subfield code="a">220719705</subfield><subfield code="9">ExL</subfield></datafield><datafield ind1=" " ind2=" " tag="035"><subfield code="a">(IDSLU)001295364ILU01</subfield></datafield><datafield ind1=" " ind2=" " tag="035"><subfield code="a">(NEBIS)010873059EBI01</subfield></datafield><datafield ind1=" " ind2=" " tag="035"><subfield code="a">(IDSBB)006682256DSV01</subfield></datafield><datafield ind1=" " ind2=" " tag="035"><subfield code="a">(RERO)R008601382-41slsp</subfield></datafield><datafield ind1=" " ind2=" " tag="035"><subfield code="a">(DE-599)DNB1120614538</subfield></datafield><datafield ind1=" " ind2=" " tag="035"><subfield code="a">(OCoLC)965633333</subfield></datafield><datafield ind1=" " ind2=" " tag="035"><subfield code="a">(ABN)000807930ABN01</subfield></datafield><datafield ind1=" " ind2=" " tag="035"><subfield code="a">(EXLNZ-41SLSP_NETWORK)991086185109705501</subfield></datafield><datafield ind1=" " ind2=" " tag="040"><subfield code="a">1245</subfield><subfield code="b">ger</subfield><subfield code="e">rda</subfield><subfield code="d">CH-ZuSLS</subfield></datafield><datafield ind1="0" ind2=" " tag="041"><subfield code="a">ger</subfield></datafield><datafield ind1=" " ind2=" " tag="044"><subfield code="c">XA-DE-NI</subfield></datafield><datafield ind1=" " ind2="7" tag="072"><subfield code="a">592</subfield><subfield code="2">IDS LU</subfield></datafield><datafield ind1=" " ind2="7" tag="072"><subfield code="a">nd</subfield><subfield code="2">SzZuIDS BS/BE</subfield></datafield><datafield ind1=" " ind2="7" tag="072"><subfield code="a">al</subfield><subfield code="2">rero</subfield></datafield><datafield ind1="1" ind2="4" tag="082"><subfield code="a">830</subfield><subfield code="2">15</subfield><subfield code="q">DE-101</subfield></datafield><datafield ind1=" " ind2=" " tag="084"><subfield code="a">830</subfield><subfield code="a">B</subfield><subfield code="2">sdnb</subfield></datafield><datafield ind1=" " ind2=" " tag="084"><subfield code="a">GN 8026</subfield><subfield code="2">rvk</subfield></datafield><datafield ind1=" " ind2=" " tag="084"><subfield code="a">B</subfield><subfield code="2">sdnb</subfield></datafield><datafield ind1=" " ind2=" " tag="084"><subfield code="a">830</subfield><subfield code="2">sdnb</subfield></datafield><datafield ind1="1" ind2=" " tag="100"><subfield code="a">Piwitt, Hermann Peter</subfield><subfield code="d">1935-</subfield><subfield code="0">(DE-588)116203137</subfield><subfield code="4">aut</subfield><subfield code="6">880-01</subfield></datafield><datafield ind1="1" ind2=" " tag="880"><subfield code="a">Piwitt, Hermann Peter</subfield><subfield code="0">(RERO)A026815292</subfield><subfield code="4">cre</subfield><subfield code="6">100-01</subfield></datafield><datafield ind1="1" ind2="0" tag="240"><subfield code="a">Drei Freunde</subfield><subfield code="g">Zusammenstellung</subfield></datafield><datafield ind1="1" ind2="0" tag="245"><subfield code="a">Drei Freunde</subfield><subfield code="b">Erzählungen</subfield><subfield code="c">Hermann Peter Piwitt</subfield></datafield><datafield ind1=" " ind2=" " tag="250"><subfield code="a">1. Auflage</subfield></datafield><datafield ind1=" " ind2="1" tag="264"><subfield code="a">Göttingen</subfield><subfield code="b">Wallstein Verlag</subfield><subfield code="c">[2017]</subfield></datafield><datafield ind1=" " ind2=" " tag="300"><subfield code="a">140 Seiten</subfield><subfield code="c">21 cm</subfield></datafield><datafield ind1=" " ind2=" " tag="336"><subfield code="b">txt</subfield><subfield code="2">rdacontent</subfield></datafield><datafield ind1=" " ind2=" " tag="337"><subfield code="b">n</subfield><subfield code="2">rdamedia</subfield></datafield><datafield ind1=" " ind2=" " tag="338"><subfield code="b">nc</subfield><subfield code="2">rdacarrier</subfield></datafield><datafield ind1=" " ind2="0" tag="650"><subfield code="a">Short stories, German</subfield></datafield><datafield ind1=" " ind2="7" tag="655"><subfield code="a">Anthologie</subfield><subfield code="2">gnd-content</subfield></datafield><datafield ind1=" " ind2="7" tag="655"><subfield code="a">Erzählende Literatur: Gegenwartsliteratur ab</subfield><subfield code="y">1945</subfield><subfield code="2">gatbeg</subfield></datafield><datafield ind1="4" ind2=" " tag="856"><subfield code="3">Titelblatt und Inhaltsverzeichnis</subfield><subfield code="u">https://toc.library.ethz.ch/objects/pdf03/z01_978-3-8353-1979-0_01.pdf</subfield><subfield code="q">pdf</subfield></datafield><datafield ind1="4" ind2="2" tag="856"><subfield code="q">text/html</subfield><subfield code="u">https://deposit.dnb.de/cgi-bin/dokserv?id=a38c5829e659424791f4bd1baf30aafb&amp;prov=M&amp;dok_var=1&amp;dok_ext=htm</subfield><subfield code="z">Inhaltstext</subfield></datafield><datafield ind1=" " ind2=" " tag="900"><subfield code="a">IDSZ2zbzmon201704f</subfield><subfield code="c">IDSZ2meyc</subfield><subfield code="d">IDSZ2zbzswk201705k</subfield><subfield code="e">IDSZ2boxm</subfield></datafield><datafield ind1=" " ind2=" " tag="900"><subfield code="a">Stoppsignal FRED</subfield></datafield><datafield ind1=" " ind2=" " tag="949"><subfield code="a">https://toc.library.ethz.ch/objects/pdf03/z01_978-3-8353-1979-0_01.pdf</subfield></datafield><datafield ind1=" " ind2=" " tag="949"><subfield code="a">https://deposit.dnb.de/cgi-bin/dokserv?id=a38c5829e659424791f4bd1baf30aafb&amp;prov=M&amp;dok_var=1&amp;dok_ext=htm</subfield></datafield></record>
</metadata></record>