<record><header><identifier>oai:alma.41SLSP_UGE:991000018769705502</identifier><datestamp>2023-03-04T01:16:24Z</datestamp><setSpec>uge_bcen_RapidILL_BOOK</setSpec><setSpec>uge_aaca_RapidILL_BOOK</setSpec><setSpec>uge_abels_RapidILL_BOOK</setSpec><setSpec>uge_dbu_RapidILL_BOOK</setSpec><setSpec>uge_cmu_RapidILL_BOOK</setSpec><setSpec>uge_mail_RapidILL_BOOK</setSpec><setSpec>uge_abbat_RapidILL_BOOK</setSpec><setSpec>UNIGE_ALL</setSpec><setSpec>uge_acar_RapidILL_BOOK</setSpec><setSpec>uge_aobs_RapidILL_BOOK</setSpec></header><metadata>
<record xmlns="http://www.loc.gov/MARC21/slim" xmlns:xsi="http://www.w3.org/2001/XMLSchema-instance" xsi:schemaLocation="http://www.loc.gov/MARC21/slim http://www.loc.gov/standards/marcxml/schema/MARC21slim.xsd"><leader>01272nam a2200337 c 4500</leader><controlfield tag="001">991000018769705502</controlfield><controlfield tag="005">20230303215631.0</controlfield><controlfield tag="008">060202s2005    gw ||||| |||| 00| ||ger d</controlfield><datafield ind1=" " ind2=" " tag="019"><subfield code="a">!!! Attention - Notice analytique !!!</subfield><subfield code="5">RERO/labcud/03.2013</subfield></datafield><datafield ind1=" " ind2=" " tag="020"><subfield code="a">3150105862</subfield></datafield><datafield ind1=" " ind2=" " tag="035"><subfield code="a">(swissbib)102919860-41slsp_network</subfield></datafield><datafield ind1=" " ind2=" " tag="035"><subfield code="a">102919860</subfield><subfield code="9">ExL</subfield></datafield><datafield ind1=" " ind2=" " tag="035"><subfield code="a">(RERO)R003984699-41slsp</subfield></datafield><datafield ind1=" " ind2=" " tag="035"><subfield code="a">(EXLNZ-41SLSP_NETWORK)991066747629705501</subfield></datafield><datafield ind1=" " ind2=" " tag="040"><subfield code="a">RERO labcud</subfield><subfield code="d">CH-ZuSLS</subfield></datafield><datafield ind1=" " ind2="7" tag="072"><subfield code="a">ba</subfield><subfield code="2">rero</subfield></datafield><datafield ind1="0" ind2="0" tag="245"><subfield code="a">&quot;Drittes Reich&quot;, 1933-1945</subfield><subfield code="c">hrsg. von Peter Zimmermann und Kay Hoffmann</subfield></datafield><datafield ind1=" " ind2="1" tag="264"><subfield code="a">Stuttgart</subfield><subfield code="b">Ph. Reclam</subfield><subfield code="c">2005</subfield></datafield><datafield ind1=" " ind2=" " tag="300"><subfield code="a">827 p., [8] p. de pl.</subfield><subfield code="b">ill.</subfield><subfield code="c">25 cm</subfield></datafield><datafield ind1=" " ind2=" " tag="336"><subfield code="b">txt</subfield><subfield code="2">rdacontent</subfield></datafield><datafield ind1=" " ind2=" " tag="337"><subfield code="b">n</subfield><subfield code="2">rdamedia</subfield></datafield><datafield ind1=" " ind2=" " tag="338"><subfield code="b">nc</subfield><subfield code="2">rdacarrier</subfield></datafield><datafield ind1="1" ind2=" " tag="490"><subfield code="a">Geschichte des dokumentarischen Films in Deutschland / hrsg. von Peter Zimmermann</subfield><subfield code="v">Bd. 3</subfield></datafield><datafield ind1=" " ind2=" " tag="500"><subfield code="a">Filmogr.: p. [764]-795</subfield></datafield><datafield ind1=" " ind2=" " tag="504"><subfield code="a">Bibliogr.: p. [733]-763</subfield></datafield><datafield ind1=" " ind2="7" tag="650"><subfield code="a">1933-1945</subfield><subfield code="2">rero</subfield></datafield><datafield ind1=" " ind2="7" tag="650"><subfield code="a">National-socialisme</subfield><subfield code="0">(IDREF)027368718</subfield><subfield code="2">idref</subfield></datafield><datafield ind1=" " ind2="7" tag="650"><subfield code="a">Films documentaires</subfield><subfield code="0">(IDREF)027433420</subfield><subfield code="2">idref</subfield></datafield><datafield ind1="1" ind2=" " tag="700"><subfield code="a">Zimmermann, Peter</subfield><subfield code="d">1944-</subfield><subfield code="0">(RERO)A023803740</subfield></datafield><datafield ind1=" " ind2="0" tag="830"><subfield code="a">Geschichte des dokumentarischen Films in Deutschland</subfield><subfield code="v">3</subfield><subfield code="w">(RERO)R003972220-41slsp</subfield></datafield><datafield ind1=" " ind2=" " tag="900"><subfield code="a">REROnoselfmerge</subfield></datafield><datafield ind1=" " ind2=" " tag="903"><subfield code="a">RERO-SIGN</subfield><subfield code="5">UNIGE/20221223/frw</subfield></datafield></record>
</metadata></record>