<record><header><identifier>oai:alma.41SLSP_UGE:991000019389705502</identifier><datestamp>2023-03-01T01:09:12Z</datestamp><setSpec>uge_bcen_RapidILL_BOOK</setSpec><setSpec>uge_aaca_RapidILL_BOOK</setSpec><setSpec>uge_abels_RapidILL_BOOK</setSpec><setSpec>uge_dbu_RapidILL_BOOK</setSpec><setSpec>uge_cmu_RapidILL_BOOK</setSpec><setSpec>uge_mail_RapidILL_BOOK</setSpec><setSpec>UNIGE_ALL</setSpec><setSpec>uge_abbat_RapidILL_BOOK</setSpec><setSpec>uge_aobs_RapidILL_BOOK</setSpec><setSpec>uge_acar_RapidILL_BOOK</setSpec></header><metadata>
<record xmlns="http://www.loc.gov/MARC21/slim" xmlns:xsi="http://www.w3.org/2001/XMLSchema-instance" xsi:schemaLocation="http://www.loc.gov/MARC21/slim http://www.loc.gov/standards/marcxml/schema/MARC21slim.xsd"><leader>01823nam a22004812c 4500</leader><controlfield tag="001">991000019389705502</controlfield><controlfield tag="005">20230121145726.0</controlfield><controlfield tag="008">201011s1999    gw ||||| |||| 00| ||ger d</controlfield><datafield ind1=" " ind2=" " tag="015"><subfield code="a">99,A19,1078</subfield></datafield><datafield ind1=" " ind2=" " tag="019"><subfield code="a">Timms, Edward (1937-)</subfield></datafield><datafield ind1=" " ind2=" " tag="020"><subfield code="a">3518394959</subfield><subfield code="q">kart.</subfield></datafield><datafield ind1=" " ind2=" " tag="035"><subfield code="a">(swissbib)215081420-41slsp_network</subfield></datafield><datafield ind1=" " ind2=" " tag="035"><subfield code="a">215081420</subfield><subfield code="9">ExL</subfield></datafield><datafield ind1=" " ind2=" " tag="035"><subfield code="a">(RERO)R007767442-41slsp</subfield></datafield><datafield ind1=" " ind2=" " tag="035"><subfield code="a">(NEBIS)002065150EBI01</subfield></datafield><datafield ind1=" " ind2=" " tag="035"><subfield code="a">(EXLNZ-41SLSP_NETWORK)991019140289705501</subfield></datafield><datafield ind1=" " ind2=" " tag="040"><subfield code="a">ZBZ</subfield><subfield code="d">CH-ZuSLS</subfield></datafield><datafield ind1=" " ind2="7" tag="072"><subfield code="a">al</subfield><subfield code="2">rero</subfield></datafield><datafield ind1="0" ind2="4" tag="082"><subfield code="a">838.9</subfield><subfield code="b">KRA</subfield></datafield><datafield ind1="1" ind2="4" tag="082"><subfield code="a">838.8</subfield><subfield code="2">20</subfield></datafield><datafield ind1="1" ind2=" " tag="100"><subfield code="a">Timms, Edward</subfield><subfield code="d">1937-2018</subfield><subfield code="0">(IDREF)028800885</subfield><subfield code="4">cre</subfield></datafield><datafield ind1="1" ind2="0" tag="245"><subfield code="a">Karl Kraus</subfield><subfield code="b">Satiriker der Apokalypse : Leben und Werk 1874-1918 : eine Biographie</subfield><subfield code="c">Edward Timms ; aus dem Engl. von Max Looser ... [et al.]</subfield></datafield><datafield ind1=" " ind2=" " tag="250"><subfield code="a">[Lizenzausg.]</subfield></datafield><datafield ind1=" " ind2="1" tag="264"><subfield code="a">[Frankfurt am Main]</subfield><subfield code="b">Suhrkamp</subfield><subfield code="c">1999</subfield></datafield><datafield ind1=" " ind2=" " tag="300"><subfield code="a">559 S.</subfield><subfield code="c">22 cm</subfield><subfield code="b">Ill.</subfield></datafield><datafield ind1=" " ind2=" " tag="336"><subfield code="b">txt</subfield><subfield code="2">rdacontent</subfield></datafield><datafield ind1=" " ind2=" " tag="337"><subfield code="b">n</subfield><subfield code="2">rdamedia</subfield></datafield><datafield ind1=" " ind2=" " tag="338"><subfield code="b">nc</subfield><subfield code="2">rdacarrier</subfield></datafield><datafield ind1="1" ind2=" " tag="490"><subfield code="a">Suhrkamp-Taschenbuch</subfield><subfield code="v">2995</subfield></datafield><datafield ind1=" " ind2=" " tag="500"><subfield code="a">Lizenz des Deuticke-Verl., Wien</subfield></datafield><datafield ind1=" " ind2=" " tag="500"><subfield code="a">Originaltitel: Karl Kraus</subfield></datafield><datafield ind1="1" ind2="7" tag="600"><subfield code="a">Kraus, Karl</subfield><subfield code="d">1874-1936</subfield><subfield code="0">(IDREF)026953641</subfield><subfield code="2">idref</subfield></datafield><datafield ind1="1" ind2="7" tag="600"><subfield code="a">Kraus, Karl</subfield><subfield code="2">idszbz</subfield></datafield><datafield ind1="1" ind2="7" tag="600"><subfield code="a">Kraus, Karl</subfield><subfield code="d">1874-1936</subfield><subfield code="0">(DE-588)118566288</subfield><subfield code="2">gnd</subfield></datafield><datafield ind1=" " ind2="7" tag="650"><subfield code="a">BIOGRAPHIEN (LEBEN UND WERK)</subfield><subfield code="9">ger</subfield><subfield code="0">(ETHUDK)000036789</subfield><subfield code="2">ethudk</subfield></datafield><datafield ind1=" " ind2="7" tag="650"><subfield code="a">LITERATUR</subfield><subfield code="9">ger</subfield><subfield code="0">(ETHUDK)000036406</subfield><subfield code="2">ethudk</subfield></datafield><datafield ind1=" " ind2="7" tag="650"><subfield code="a">ÖSTERREICH (MITTELEUROPA). REPUBLIK ÖSTERREICH</subfield><subfield code="9">ger</subfield><subfield code="0">(ETHUDK)000002904</subfield><subfield code="2">ethudk</subfield></datafield><datafield ind1=" " ind2="7" tag="650"><subfield code="a">&quot;1874/1936&quot;</subfield><subfield code="2">ethudk</subfield></datafield><datafield ind1=" " ind2="7" tag="655"><subfield code="a">Biographie</subfield><subfield code="0">(IDREF)027281558</subfield><subfield code="2">idref</subfield></datafield><datafield ind1=" " ind2="7" tag="655"><subfield code="a">Biographie</subfield><subfield code="2">idszbz</subfield></datafield><datafield ind1="1" ind2=" " tag="700"><subfield code="a">Looser, Max</subfield><subfield code="d">19..-....</subfield><subfield code="0">(IDREF)127848444</subfield></datafield><datafield ind1=" " ind2="0" tag="830"><subfield code="a">Suhrkamp-Taschenbuch</subfield><subfield code="v">2995</subfield><subfield code="w">(NEBIS)000058630EBI01</subfield></datafield><datafield ind1=" " ind2="0" tag="830"><subfield code="a">Suhrkamp Taschenbuch</subfield><subfield code="v">2995</subfield><subfield code="w">(RERO)1214729-41slsp</subfield></datafield><datafield ind1=" " ind2=" " tag="900"><subfield code="a">REROnoselfmerge</subfield></datafield></record>
</metadata></record>