<record><header><identifier>oai:alma.41SLSP_UGE:991000019309705502</identifier><datestamp>2024-03-08T01:29:48Z</datestamp><setSpec>UNIGE_ALL</setSpec></header><metadata>
<record xmlns="http://www.loc.gov/MARC21/slim" xmlns:xsi="http://www.w3.org/2001/XMLSchema-instance" xsi:schemaLocation="http://www.loc.gov/MARC21/slim http://www.loc.gov/standards/marcxml/schema/MARC21slim.xsd"><leader>01869ngm a22003737c 4500</leader><controlfield tag="001">991000019309705502</controlfield><controlfield tag="005">20240308015400.0</controlfield><controlfield tag="007">vd#|v||||</controlfield><controlfield tag="008">160915s2016    fr ||| |          v|fre d</controlfield><datafield ind1="4" ind2="2" tag="028"><subfield code="a">3700782602528</subfield></datafield><datafield ind1=" " ind2=" " tag="035"><subfield code="a">(swissbib)12322599X-41slsp_network</subfield></datafield><datafield ind1=" " ind2=" " tag="035"><subfield code="a">12322599X</subfield><subfield code="9">ExL</subfield></datafield><datafield ind1=" " ind2=" " tag="035"><subfield code="a">(RERO)R008510975-41slsp</subfield></datafield><datafield ind1=" " ind2=" " tag="035"><subfield code="a">(ABN)000801843ABN01</subfield></datafield><datafield ind1=" " ind2=" " tag="035"><subfield code="a">(EXLNZ-41SLSP_NETWORK)991089947399705501</subfield></datafield><datafield ind1=" " ind2=" " tag="040"><subfield code="a">RERO geumem</subfield><subfield code="d">CH-ZuSLS</subfield></datafield><datafield ind1=" " ind2="7" tag="072"><subfield code="a">ba</subfield><subfield code="2">rero</subfield></datafield><datafield ind1="1" ind2=" " tag="080"><subfield code="a">DVDFD</subfield></datafield><datafield ind1="0" ind2="0" tag="245"><subfield code="a">&lt;&lt;L'&gt;&gt;avenir</subfield><subfield code="c">un film de Mia Hansen-Løve</subfield></datafield><datafield ind1=" " ind2="1" tag="264"><subfield code="a">[Paris]</subfield><subfield code="b">Blaqout</subfield><subfield code="c">2016</subfield></datafield><datafield ind1=" " ind2=" " tag="300"><subfield code="a">1 DVD vidéo</subfield></datafield><datafield ind1=" " ind2=" " tag="336"><subfield code="b">tdi</subfield><subfield code="2">rdacontent</subfield></datafield><datafield ind1=" " ind2=" " tag="337"><subfield code="b">v</subfield><subfield code="2">rdamedia</subfield></datafield><datafield ind1=" " ind2=" " tag="338"><subfield code="b">vd</subfield><subfield code="2">rdacarrier</subfield></datafield><datafield ind1=" " ind2=" " tag="385"><subfield code="a">Dès 16 ans</subfield><subfield code="2">rero</subfield></datafield><datafield ind1=" " ind2=" " tag="500"><subfield code="a">Une prod.: CG Cinéma - Arte France Cinéma - DetailFilm - Rhône-Alpes Cinéma, cop. 2016</subfield></datafield><datafield ind1=" " ind2=" " tag="500"><subfield code="a">Durée du film : 1h37 min.</subfield></datafield><datafield ind1=" " ind2=" " tag="500"><subfield code="a">Langue : français. Sous-titres: français pour sourds et malentendants</subfield></datafield><datafield ind1="0" ind2=" " tag="505"><subfield code="a">Entretien de Mia Hansen-Løve par Olivier Père. Court métrage : Un pur esprit. - 2014. Compilation d'entretiens radiophoniques de Mia Hansen-Løve par Laure Adler (France Culture). Bande-annonce</subfield></datafield><datafield ind1="0" ind2=" " tag="511"><subfield code="a">Isabelle Huppert ; André Marcon ; Roman Kolinka ; Edith Scob ... et al.</subfield></datafield><datafield ind1="8" ind2=" " tag="520"><subfield code="a">Nathalie est professeur de philosophie dans un lycée parisien. Passionnée par son travail, elle aime par-dessus tout transmettre son goût de la pensée. Mariée, deux enfants, elle partage sa vie entre sa famille, ses anciens élèves et sa mère, très possessive. Un jour, son mari lui annonce qu'il part vivre avec une autre femme. Confrontée à une liberté nouvelle, elle va réinventer sa vie.</subfield><subfield code="5">RERO/vsbcvs/09.2016</subfield></datafield><datafield ind1=" " ind2="7" tag="655"><subfield code="a">DVD</subfield><subfield code="0">(IDREF)035108444</subfield><subfield code="2">idref</subfield></datafield><datafield ind1=" " ind2="7" tag="655"><subfield code="a">Films de fiction</subfield><subfield code="0">(IDREF)14779644X</subfield><subfield code="2">idref</subfield></datafield><datafield ind1=" " ind2="7" tag="655"><subfield code="a">DVD-Video</subfield><subfield code="2">gnd-carrier</subfield></datafield><datafield ind1="1" ind2=" " tag="700"><subfield code="a">Hansen-Løve, Mia</subfield><subfield code="d">1981-....</subfield><subfield code="0">(IDREF)145680487</subfield></datafield></record>
</metadata></record>