<record><header><identifier>oai:alma.41SLSP_UGE:991000018789705502</identifier><datestamp>2024-09-13T00:24:43Z</datestamp><setSpec>uge_bcen_RapidILL_BOOK</setSpec><setSpec>uge_aaca_RapidILL_BOOK</setSpec><setSpec>uge_abels_RapidILL_BOOK</setSpec><setSpec>uge_dbu_RapidILL_BOOK</setSpec><setSpec>uge_cmu_RapidILL_BOOK</setSpec><setSpec>uge_mail_RapidILL_BOOK</setSpec><setSpec>uge_abbat_RapidILL_BOOK</setSpec><setSpec>UNIGE_ALL</setSpec><setSpec>uge_acar_RapidILL_BOOK</setSpec><setSpec>uge_aobs_RapidILL_BOOK</setSpec></header><metadata>
<record xmlns="http://www.loc.gov/MARC21/slim" xmlns:xsi="http://www.w3.org/2001/XMLSchema-instance" xsi:schemaLocation="http://www.loc.gov/MARC21/slim http://www.loc.gov/standards/marcxml/schema/MARC21slim.xsd"><leader>01387nam a2200409uc 4500</leader><controlfield tag="001">991000018789705502</controlfield><controlfield tag="005">20240912210751.0</controlfield><controlfield tag="008">201011s1965    gw ||||| |||| 00| ||ger d</controlfield><datafield ind1=" " ind2=" " tag="035"><subfield code="a">(swissbib)213585138-41slsp_network</subfield></datafield><datafield ind1=" " ind2=" " tag="035"><subfield code="a">213585138</subfield><subfield code="9">ExL</subfield></datafield><datafield ind1=" " ind2=" " tag="035"><subfield code="a">(IDSBB)000420571DSV01</subfield></datafield><datafield ind1=" " ind2=" " tag="035"><subfield code="a">(RERO)1685503-41slsp</subfield></datafield><datafield ind1=" " ind2=" " tag="035"><subfield code="a">(NEBIS)002953436EBI01</subfield></datafield><datafield ind1=" " ind2=" " tag="035"><subfield code="a">(EXLNZ-41SLSP_NETWORK)991114527919705501</subfield></datafield><datafield ind1=" " ind2=" " tag="040"><subfield code="a">SzZuIDS BS/BE A100</subfield><subfield code="b">ger</subfield><subfield code="e">kids</subfield><subfield code="d">CH-ZuSLS</subfield></datafield><datafield ind1=" " ind2="7" tag="072"><subfield code="a">kp</subfield><subfield code="2">SzZuIDS BS/BE</subfield></datafield><datafield ind1=" " ind2="7" tag="072"><subfield code="a">gr</subfield><subfield code="2">rero</subfield></datafield><datafield ind1="1" ind2=" " tag="080"><subfield code="a">904(37):73</subfield></datafield><datafield ind1="0" ind2="4" tag="082"><subfield code="a">733.5</subfield></datafield><datafield ind1="1" ind2=" " tag="100"><subfield code="6">880-01</subfield><subfield code="a">Lorenz, Thuri</subfield><subfield code="d">1931-....</subfield><subfield code="0">(IDREF)029073863</subfield><subfield code="4">cre</subfield></datafield><datafield ind1="1" ind2=" " tag="880"><subfield code="a">Lorenz, Thuri</subfield><subfield code="d">1931-2017</subfield><subfield code="0">(DE-588)11954038X</subfield><subfield code="6">100-01</subfield></datafield><datafield ind1="1" ind2="0" tag="245"><subfield code="a">Galerien von griechischen Philosophen- und Dichterbildnissen bei den Römern</subfield><subfield code="c">Thuri Lorenz</subfield></datafield><datafield ind1=" " ind2="1" tag="264"><subfield code="a">Mainz</subfield><subfield code="b">Zabern</subfield><subfield code="c">1965</subfield></datafield><datafield ind1=" " ind2=" " tag="300"><subfield code="a">VIII, 70 p., XVI p. de pl. , 1 pl. dépl.</subfield><subfield code="c">29 cm</subfield></datafield><datafield ind1=" " ind2=" " tag="336"><subfield code="b">txt</subfield><subfield code="2">rdacontent</subfield></datafield><datafield ind1=" " ind2=" " tag="337"><subfield code="b">n</subfield><subfield code="2">rdamedia</subfield></datafield><datafield ind1=" " ind2=" " tag="338"><subfield code="b">nc</subfield><subfield code="2">rdacarrier</subfield></datafield><datafield ind1=" " ind2="4" tag="650"><subfield code="a">Galerie</subfield></datafield><datafield ind1=" " ind2="7" tag="650"><subfield code="a">Galerie</subfield><subfield code="0">(DE-588)4155828-5</subfield><subfield code="2">gnd</subfield></datafield><datafield ind1=" " ind2="0" tag="650"><subfield code="a">Plaster casts</subfield><subfield code="v">Catalogs</subfield></datafield><datafield ind1=" " ind2="0" tag="650"><subfield code="a">Sculpture, Greek</subfield><subfield code="z">Italy</subfield></datafield><datafield ind1=" " ind2="0" tag="650"><subfield code="a">Sculpture</subfield><subfield code="z">Italy</subfield><subfield code="v">Catalogs</subfield></datafield><datafield ind1=" " ind2="4" tag="651"><subfield code="a">Römisches Reich</subfield></datafield><datafield ind1=" " ind2="7" tag="651"><subfield code="a">Römisches Reich</subfield><subfield code="0">(DE-588)4076778-4</subfield><subfield code="2">gnd</subfield></datafield><datafield ind1=" " ind2=" " tag="690"><subfield code="a">Römische Kunst / Einzelne Motive und Stoffe</subfield><subfield code="2">uzb-Z9</subfield></datafield><datafield ind1=" " ind2=" " tag="900"><subfield code="a">REROnoselfmerge</subfield></datafield><datafield ind1=" " ind2=" " tag="900"><subfield code="a">IDSZRMedeaZBZ</subfield></datafield><datafield ind1=" " ind2=" " tag="900"><subfield code="f">IDSU2medea</subfield></datafield></record>
</metadata></record>