<record><header><identifier>oai:alma.41SLSP_UGE:991000018889705502</identifier><datestamp>2023-11-25T01:37:37Z</datestamp><setSpec>uge_bcen_RapidILL_BOOK</setSpec><setSpec>uge_aaca_RapidILL_BOOK</setSpec><setSpec>uge_abels_RapidILL_BOOK</setSpec><setSpec>uge_dbu_RapidILL_BOOK</setSpec><setSpec>uge_cmu_RapidILL_BOOK</setSpec><setSpec>uge_mail_RapidILL_BOOK</setSpec><setSpec>uge_abbat_RapidILL_BOOK</setSpec><setSpec>UNIGE_ALL</setSpec><setSpec>uge_aobs_RapidILL_BOOK</setSpec><setSpec>uge_acar_RapidILL_BOOK</setSpec></header><metadata>
<record xmlns="http://www.loc.gov/MARC21/slim" xmlns:xsi="http://www.w3.org/2001/XMLSchema-instance" xsi:schemaLocation="http://www.loc.gov/MARC21/slim http://www.loc.gov/standards/marcxml/schema/MARC21slim.xsd"><leader>05534nam a22007217c 4500</leader><controlfield tag="001">991000018889705502</controlfield><controlfield tag="005">20230327192535.0</controlfield><controlfield tag="008">201012s2007    gw ||||| |||| 00| ||ger d</controlfield><datafield ind1=" " ind2=" " tag="015"><subfield code="a">GFR-DNB-07,A33,0636</subfield></datafield><datafield ind1="7" ind2=" " tag="016"><subfield code="a">983189765</subfield><subfield code="2">GyFmDB</subfield></datafield><datafield ind1=" " ind2=" " tag="020"><subfield code="a">9783161491498</subfield><subfield code="q">kart.</subfield><subfield code="c">EUR 79.00</subfield></datafield><datafield ind1="3" ind2=" " tag="024"><subfield code="a">9783161491498</subfield></datafield><datafield ind1=" " ind2=" " tag="035"><subfield code="a">(swissbib)236942999-41slsp_network</subfield></datafield><datafield ind1=" " ind2=" " tag="035"><subfield code="a">236942999</subfield><subfield code="9">ExL</subfield></datafield><datafield ind1=" " ind2=" " tag="035"><subfield code="a">(RERO)R004350988-41slsp</subfield></datafield><datafield ind1=" " ind2=" " tag="035"><subfield code="a">(IDSBB)004148528DSV01</subfield></datafield><datafield ind1=" " ind2=" " tag="035"><subfield code="a">(IDSLU)000533225ILU01</subfield></datafield><datafield ind1=" " ind2=" " tag="035"><subfield code="a">(IDSSG)000367920HSB01</subfield></datafield><datafield ind1=" " ind2=" " tag="035"><subfield code="a">(GyWOH)har075004605</subfield></datafield><datafield ind1=" " ind2=" " tag="035"><subfield code="a">(ALEX)bv001325725</subfield></datafield><datafield ind1=" " ind2=" " tag="035"><subfield code="a">(EXLNZ-41SLSP_NETWORK)991016508359705501</subfield></datafield><datafield ind1=" " ind2=" " tag="040"><subfield code="a">RERO laisdc</subfield><subfield code="d">CH-ZuSLS</subfield></datafield><datafield ind1=" " ind2="7" tag="072"><subfield code="a">dr</subfield><subfield code="2">rero</subfield></datafield><datafield ind1=" " ind2="7" tag="072"><subfield code="a">rw</subfield><subfield code="2">SzZuIDS BS/BE</subfield></datafield><datafield ind1=" " ind2="7" tag="072"><subfield code="a">841</subfield><subfield code="2">IDS LU</subfield></datafield><datafield ind1="1" ind2="4" tag="082"><subfield code="a">340</subfield><subfield code="2">15</subfield></datafield><datafield ind1=" " ind2=" " tag="084"><subfield code="a">CA/D 72 h</subfield><subfield code="2">cjurrom</subfield></datafield><datafield ind1=" " ind2=" " tag="084"><subfield code="a">PU 1532</subfield><subfield code="2">rvk</subfield></datafield><datafield ind1="1" ind2=" " tag="100"><subfield code="a">Schneider, Winfried-Thomas</subfield><subfield code="d">1974-....</subfield><subfield code="0">(IDREF)104485221</subfield><subfield code="4">cre</subfield></datafield><datafield ind1="1" ind2="0" tag="245"><subfield code="a">Abkehr vom Verschuldensprinzip?</subfield><subfield code="b">eine rechtsvergleichende Untersuchung zur Vertragshaftung (BGB, Code civil und Einheitsrecht)</subfield><subfield code="c">Winfried-Thomas Schneider</subfield></datafield><datafield ind1=" " ind2="1" tag="264"><subfield code="a">Tübingen</subfield><subfield code="b">Mohr Siebeck</subfield><subfield code="c">2007</subfield></datafield><datafield ind1=" " ind2=" " tag="300"><subfield code="a">514 S.</subfield><subfield code="c">24 cm</subfield></datafield><datafield ind1=" " ind2=" " tag="336"><subfield code="b">txt</subfield><subfield code="2">rdacontent</subfield></datafield><datafield ind1=" " ind2=" " tag="337"><subfield code="b">n</subfield><subfield code="2">rdamedia</subfield></datafield><datafield ind1=" " ind2=" " tag="338"><subfield code="b">nc</subfield><subfield code="2">rdacarrier</subfield></datafield><datafield ind1="1" ind2=" " tag="490"><subfield code="a">Studien zum ausländischen und internationalen Privatrecht</subfield><subfield code="v">179</subfield></datafield><datafield ind1=" " ind2=" " tag="500"><subfield code="a">Buchhandelsausgabe der Diss. Saarbrücken und Strasburg (Frankreich), 2006</subfield></datafield><datafield ind1=" " ind2=" " tag="502"><subfield code="a">Thesis (doctoral) - Universitäten, Saarbrücken und Strassburg, 2006</subfield></datafield><datafield ind1=" " ind2=" " tag="504"><subfield code="a">Bibliographical references p. 485-510</subfield></datafield><datafield ind1=" " ind2="7" tag="650"><subfield code="a">Responsabilité (droit)</subfield><subfield code="0">(IDREF)027480259</subfield><subfield code="2">idref</subfield></datafield><datafield ind1=" " ind2="7" tag="650"><subfield code="a">Contrats</subfield><subfield code="0">(IDREF)027466388</subfield><subfield code="2">idref</subfield></datafield><datafield ind1=" " ind2="7" tag="650"><subfield code="a">Vertragliche Haftpflicht</subfield><subfield code="x">Schuld (Recht)</subfield><subfield code="x">Rechtsvergleichung</subfield><subfield code="z">Europa</subfield><subfield code="2">idsbb</subfield></datafield><datafield ind1=" " ind2="7" tag="650"><subfield code="a">Schuld (Recht)</subfield><subfield code="x">Vertragliche Haftpflicht</subfield><subfield code="x">Rechtsvergleichung</subfield><subfield code="z">Europa</subfield><subfield code="2">idsbb</subfield></datafield><datafield ind1=" " ind2="7" tag="650"><subfield code="a">Internationales Einheitsrecht</subfield><subfield code="0">(DE-588)4162089-6</subfield><subfield code="2">gnd</subfield></datafield><datafield ind1=" " ind2="7" tag="650"><subfield code="a">Vertrag</subfield><subfield code="0">(DE-588)4063270-2</subfield><subfield code="2">gnd</subfield></datafield><datafield ind1=" " ind2="7" tag="650"><subfield code="a">Verschuldenshaftung</subfield><subfield code="0">(DE-588)4187978-8</subfield><subfield code="2">gnd</subfield></datafield><datafield ind1=" " ind2="7" tag="650"><subfield code="a">Rechtsvergleich</subfield><subfield code="0">(DE-588)4115712-6</subfield><subfield code="2">gnd</subfield></datafield><datafield ind1=" " ind2="7" tag="650"><subfield code="a">Haftung</subfield><subfield code="0">(DE-588)4022898-8</subfield><subfield code="2">gnd</subfield></datafield><datafield ind1=" " ind2="7" tag="651"><subfield code="a">Allemagne</subfield><subfield code="0">(IDREF)027218856</subfield><subfield code="2">idref</subfield></datafield><datafield ind1=" " ind2="7" tag="651"><subfield code="a">Deutschland</subfield><subfield code="0">(DE-588)4011882-4</subfield><subfield code="2">gnd</subfield></datafield><datafield ind1=" " ind2="7" tag="651"><subfield code="a">Frankreich</subfield><subfield code="0">(DE-588)4018145-5</subfield><subfield code="2">gnd</subfield></datafield><datafield ind1=" " ind2="7" tag="655"><subfield code="a">Hochschulschrift</subfield><subfield code="2">gnd-content</subfield></datafield><datafield ind1=" " ind2=" " tag="690"><subfield code="a">Haftfestigkeit; Vertragsrecht; Garantie; Gesetz; Prinzip; Aa; Rechtsprechung; Strafverfahren; Entwicklung; Abgrenzung; Regel; Verletzung; Entdeckung; Kodifikation</subfield><subfield code="2">idssg-J</subfield></datafield><datafield ind1=" " ind2=" " tag="690"><subfield code="a">Vertragshaftung; Verschuldensprinzip; Deliktshaftung; Einheitsrecht; Pflichtverletzung; Beweislastregel; Vertragsklausel; Schadensentstehung; Schadensentwicklung; Abgrenzungskriterium; Grundregel; Handelsvertrag; Kaufrecht; Inhaltskontrolle; Haftungsausschlussgrund; Forderungsverletzung; Haftungsmaßstab; Rechtsfolge; Willenselement; Anwendungsbereich; Aufklärungspflicht; Bedeutungsschwund; Erfolgspflicht; Erscheinungsform; Garantiepflicht; Haftungsmilderunge; Haftungssystem; Haftungsvoraussetzung; Leistungspflicht; Literaturverzeichnis; Maschinenversagen; Obhutspflicht; Sachverzeichnis; Schlussbetrachtung; Schutzpflicht; Siebeck; Totalreparation; WinfriedThomas</subfield><subfield code="2">idssg-J</subfield></datafield><datafield ind1=" " ind2=" " tag="690"><subfield code="a">moderne Regelung; strafrechtliches Verschulden; vertragsrechtliches Verschulden; zivilrechtliches Verschulden; abweichende Erscheinungsform; allgemeine Beweislastregel; allgemein Culpa; ausschließliche Schadensursache; beiderseitige Lakonik; bewegliche Sache; deliktsrechtliches Element; deliktsrechtliches Verschulden; eigene Angelegenheit; eigenes Verhalten; eigenübliche Sorgfalt; einheitliches Gesetz; einheitliches Kaufrecht; einheitliches Vertragsrecht; erster Teil; europäisches Vertragsrecht; französische Deliktshaftung; fremdes Verhalten; geeignetes Abgrenzungskriterium; gesetzlicher Haftungsausschlussgrund; grobe Fahrlässigkeit; grundsätzliche Anerkennung; hinreichende Bedingung; internationaler Handelsvertrag; internationaler Kauf; letzte Bastion; missbräuchliche Vertragsklausel; mitwirkendes Verschulden; modernes Haftungssystem; moderne Vertragshaftung; notwendige Bedingung; objektive Bewertung; objektiver Haftungsausschlussgrund; objektive Vertragshaftung; parallele Anwendung; parallele Natur; positive Forderungsverletzung; praktische Auswirkung; rechtsvergleichende Untersuchung; strafrechtliches Verschulden; subjektivpersönliches Element; theoretische Rechtfertigung; traditioneller Grundsatz; vermeintliche Lücke; verschiedene Kategorie; vertragliche Haftung; vertragliche Haftungsbeschränkung; vertragliche Haftungsmilderunge; vertragliche Intensität; vertragliches Verschulden; vertragsrechtliches Element; vorbildliches Haftungssystem; weitere Schadensursache; zivilrechtliches Verschulden; zweiter Teil</subfield><subfield code="2">idssg-J</subfield></datafield><datafield ind1=" " ind2=" " tag="690"><subfield code="a">Frankreich C4EUFR</subfield><subfield code="2">idssg-J</subfield></datafield><datafield ind1=" " ind2=" " tag="690"><subfield code="a">Casfortuit undforce majeure; Einheitsrecht Mohr Siebeck Einführung; Einheitsrecht WinfriedThomas Schneider Abkehr; Person responsabilite contractuelle dufaitdautrui; Responsabilite contractuelle dufait; Responsabilite contractuelle dufaitdautrui</subfield><subfield code="2">idssg-J</subfield></datafield><datafield ind1=" " ind2=" " tag="691"><subfield code="e">PC 72</subfield><subfield code="2">rzs-L1</subfield></datafield><datafield ind1=" " ind2=" " tag="691"><subfield code="e">PC 72 D</subfield><subfield code="2">rzs-L1</subfield></datafield><datafield ind1=" " ind2=" " tag="691"><subfield code="e">PC 72 F</subfield><subfield code="2">rzs-L1</subfield></datafield><datafield ind1="4" ind2=" " tag="856"><subfield code="3">Inhaltsverzeichnis</subfield><subfield code="u">http://www.ub.unibas.ch/tox/HBZ/HT015057212/PDF</subfield><subfield code="q">pdf</subfield></datafield><datafield ind1=" " ind2="0" tag="830"><subfield code="a">Studien zum ausländischen und internationalen Privatrecht</subfield><subfield code="v">179</subfield><subfield code="w">(IDSLU)000219937ILU01</subfield></datafield><datafield ind1=" " ind2=" " tag="900"><subfield code="a">REROnoselfmerge</subfield></datafield><datafield ind1=" " ind2=" " tag="911"><subfield code="a">100</subfield><subfield code="a">Schneider, Winfried-Thomas</subfield><subfield code="d">1974-</subfield></datafield><datafield ind1=" " ind2=" " tag="949"><subfield code="a">http://www.ub.unibas.ch/tox/HBZ/HT015057212/PDF</subfield></datafield></record>
</metadata></record>