<record><header><identifier>oai:alma.41SLSP_UGE:991000019099705502</identifier><datestamp>2023-03-01T01:09:12Z</datestamp><setSpec>uge_bcen_RapidILL_BOOK</setSpec><setSpec>uge_aaca_RapidILL_BOOK</setSpec><setSpec>uge_abels_RapidILL_BOOK</setSpec><setSpec>uge_dbu_RapidILL_BOOK</setSpec><setSpec>uge_cmu_RapidILL_BOOK</setSpec><setSpec>uge_mail_RapidILL_BOOK</setSpec><setSpec>UNIGE_ALL</setSpec><setSpec>uge_abbat_RapidILL_BOOK</setSpec><setSpec>uge_aobs_RapidILL_BOOK</setSpec><setSpec>uge_acar_RapidILL_BOOK</setSpec></header><metadata>
<record xmlns="http://www.loc.gov/MARC21/slim" xmlns:xsi="http://www.w3.org/2001/XMLSchema-instance" xsi:schemaLocation="http://www.loc.gov/MARC21/slim http://www.loc.gov/standards/marcxml/schema/MARC21slim.xsd"><leader>01573nam a2200481 c 4500</leader><controlfield tag="001">991000019099705502</controlfield><controlfield tag="005">20230208200835.0</controlfield><controlfield tag="008">201012s1976    xxu||||| |||| 00| ||eng d</controlfield><datafield ind1=" " ind2=" " tag="020"><subfield code="a">0803906919</subfield><subfield code="q">c</subfield></datafield><datafield ind1=" " ind2=" " tag="020"><subfield code="a">0803906927</subfield><subfield code="q">p</subfield></datafield><datafield ind1=" " ind2=" " tag="035"><subfield code="a">(swissbib)239368495-41slsp_network</subfield></datafield><datafield ind1=" " ind2=" " tag="035"><subfield code="a">239368495</subfield><subfield code="9">ExL</subfield></datafield><datafield ind1=" " ind2=" " tag="035"><subfield code="a">(RERO)1180114-41slsp</subfield></datafield><datafield ind1=" " ind2=" " tag="035"><subfield code="a">(NEBIS)009000712EBI01</subfield></datafield><datafield ind1=" " ind2=" " tag="035"><subfield code="a">(IDSBB)000144149DSV01</subfield></datafield><datafield ind1=" " ind2=" " tag="035"><subfield code="a">(EXLNZ-41SLSP_NETWORK)991122134769705501</subfield></datafield><datafield ind1=" " ind2=" " tag="040"><subfield code="a">RERO geuses</subfield><subfield code="d">CH-ZuSLS</subfield></datafield><datafield ind1=" " ind2=" " tag="044"><subfield code="a">xxu</subfield></datafield><datafield ind1=" " ind2="7" tag="072"><subfield code="a">sp</subfield><subfield code="2">rero</subfield></datafield><datafield ind1=" " ind2="7" tag="072"><subfield code="a">po</subfield><subfield code="2">SzZuIDS BS/BE</subfield></datafield><datafield ind1="1" ind2="4" tag="082"><subfield code="a">320</subfield><subfield code="2">15</subfield></datafield><datafield ind1="1" ind2=" " tag="100"><subfield code="a">Czudnowski, Moshe M.</subfield><subfield code="6">880-01</subfield></datafield><datafield ind1="1" ind2=" " tag="880"><subfield code="6">100-01</subfield><subfield code="a">Czudnowski, Moshe M</subfield><subfield code="d">1924-....</subfield><subfield code="0">(IDREF)030541840</subfield></datafield><datafield ind1="1" ind2="0" tag="245"><subfield code="a">Comparing political behavior</subfield><subfield code="c">Moshe M. Czudnowski ; pref. by Heinz Eulau, foreword by Sidney Verba</subfield></datafield><datafield ind1=" " ind2="1" tag="264"><subfield code="a">Beverly Hills</subfield><subfield code="a">London</subfield><subfield code="b">Sage</subfield><subfield code="c">[1976]</subfield></datafield><datafield ind1=" " ind2="4" tag="264"><subfield code="c">© 1976</subfield></datafield><datafield ind1=" " ind2=" " tag="300"><subfield code="a">178 p.</subfield><subfield code="b">ill.</subfield><subfield code="c">23 cm</subfield></datafield><datafield ind1=" " ind2=" " tag="336"><subfield code="b">txt</subfield><subfield code="2">rdacontent</subfield></datafield><datafield ind1=" " ind2=" " tag="337"><subfield code="b">n</subfield><subfield code="2">rdamedia</subfield></datafield><datafield ind1=" " ind2=" " tag="338"><subfield code="b">nc</subfield><subfield code="2">rdacarrier</subfield></datafield><datafield ind1="1" ind2=" " tag="490"><subfield code="a">Sage library of social research</subfield><subfield code="v">vol. 28</subfield></datafield><datafield ind1=" " ind2="7" tag="650"><subfield code="a">Science politique</subfield><subfield code="0">(IDREF)027792749</subfield><subfield code="2">idref</subfield></datafield><datafield ind1=" " ind2="7" tag="650"><subfield code="a">Méthodologie</subfield><subfield code="0">(IDREF)027239489</subfield><subfield code="2">idref</subfield></datafield><datafield ind1=" " ind2="7" tag="650"><subfield code="a">politique comparée</subfield><subfield code="0">(RERO)A009957623</subfield><subfield code="2">rerovoc</subfield></datafield><datafield ind1=" " ind2="4" tag="650"><subfield code="a">Methode</subfield></datafield><datafield ind1=" " ind2="4" tag="650"><subfield code="a">Politische Wissenschaft</subfield></datafield><datafield ind1=" " ind2="4" tag="650"><subfield code="a">Politisches Verhalten</subfield></datafield><datafield ind1=" " ind2="4" tag="650"><subfield code="a">Vergleich</subfield></datafield><datafield ind1=" " ind2=" " tag="690"><subfield code="a">Politische Soziologie</subfield><subfield code="2">uzb-VK</subfield></datafield><datafield ind1="1" ind2=" " tag="700"><subfield code="a">Eulau, Heinz</subfield></datafield><datafield ind1="1" ind2=" " tag="700"><subfield code="a">Verba, Sidney</subfield></datafield><datafield ind1=" " ind2=" " tag="830"><subfield code="a">Sage library of social research</subfield><subfield code="v">28</subfield><subfield code="w">(NEBIS)000059412EBI01</subfield></datafield><datafield ind1=" " ind2=" " tag="900"><subfield code="a">REROnoselfmerge</subfield></datafield><datafield ind1=" " ind2=" " tag="900"><subfield code="f">IDSU2medea</subfield></datafield></record>
</metadata></record>