<record><header><identifier>oai:alma.41SLSP_UGE:991000019199705502</identifier><datestamp>2023-03-01T01:09:12Z</datestamp><setSpec>uge_bcen_RapidILL_BOOK</setSpec><setSpec>uge_aaca_RapidILL_BOOK</setSpec><setSpec>uge_abels_RapidILL_BOOK</setSpec><setSpec>uge_dbu_RapidILL_BOOK</setSpec><setSpec>uge_cmu_RapidILL_BOOK</setSpec><setSpec>uge_mail_RapidILL_BOOK</setSpec><setSpec>UNIGE_ALL</setSpec><setSpec>uge_abbat_RapidILL_BOOK</setSpec><setSpec>uge_aobs_RapidILL_BOOK</setSpec><setSpec>uge_acar_RapidILL_BOOK</setSpec></header><metadata>
<record xmlns="http://www.loc.gov/MARC21/slim" xmlns:xsi="http://www.w3.org/2001/XMLSchema-instance" xsi:schemaLocation="http://www.loc.gov/MARC21/slim http://www.loc.gov/standards/marcxml/schema/MARC21slim.xsd"><leader>02504nam a2200361 c 4500</leader><controlfield tag="001">991000019199705502</controlfield><controlfield tag="005">20201227134811.0</controlfield><controlfield tag="008">980612s1997    sz ||||| m||| 00| ||fre d</controlfield><datafield ind1=" " ind2=" " tag="019"><subfield code="a">Cette notice décrit l'exemplaire de thèse.</subfield><subfield code="5">RERO/geudbu/06.1998</subfield></datafield><datafield ind1=" " ind2=" " tag="035"><subfield code="a">(swissbib)093319967-41slsp_network</subfield></datafield><datafield ind1=" " ind2=" " tag="035"><subfield code="a">093319967</subfield><subfield code="9">ExL</subfield></datafield><datafield ind1=" " ind2=" " tag="035"><subfield code="a">(RERO)R231419760-41slsp</subfield></datafield><datafield ind1=" " ind2=" " tag="035"><subfield code="a">(EXLNZ-41SLSP_NETWORK)991052776829705501</subfield></datafield><datafield ind1=" " ind2=" " tag="040"><subfield code="a">RERO geusob</subfield><subfield code="d">CH-ZuSLS</subfield></datafield><datafield ind1=" " ind2=" " tag="044"><subfield code="a">sz</subfield><subfield code="c">ch-ge</subfield></datafield><datafield ind1=" " ind2="7" tag="072"><subfield code="a">as</subfield><subfield code="2">rero</subfield></datafield><datafield ind1="1" ind2=" " tag="100"><subfield code="a">Fux, Roger</subfield><subfield code="0">(RERO)A003270480</subfield><subfield code="4">cre</subfield></datafield><datafield ind1="1" ind2="0" tag="245"><subfield code="a">Modèles dynamiques barrés tri-dimensionnels auto-consistants de notre galaxie par les méthodes N-corps et SPH</subfield><subfield code="c">par Roger Fux</subfield></datafield><datafield ind1=" " ind2="1" tag="264"><subfield code="a">Genève</subfield><subfield code="b">[éditeur non identifié]</subfield><subfield code="c">1997</subfield></datafield><datafield ind1=" " ind2="3" tag="264"><subfield code="a">Genève</subfield><subfield code="b">Atelier de reprod. de la Section de physique</subfield></datafield><datafield ind1=" " ind2=" " tag="300"><subfield code="a">181 p.</subfield><subfield code="b">ill.</subfield><subfield code="c">30 cm</subfield></datafield><datafield ind1=" " ind2=" " tag="336"><subfield code="b">txt</subfield><subfield code="2">rdacontent</subfield></datafield><datafield ind1=" " ind2=" " tag="337"><subfield code="b">n</subfield><subfield code="2">rdamedia</subfield></datafield><datafield ind1=" " ind2=" " tag="338"><subfield code="b">nc</subfield><subfield code="2">rdacarrier</subfield></datafield><datafield ind1=" " ind2=" " tag="500"><subfield code="a">Avec des articles en anglais.</subfield></datafield><datafield ind1=" " ind2=" " tag="502"><subfield code="a">Th. astron. Genève, 1997 ; Sc. 2954</subfield></datafield><datafield ind1=" " ind2=" " tag="508"><subfield code="a">Directeur de thèse: Professeur Louis Martinet</subfield></datafield><datafield ind1="8" ind2=" " tag="520"><subfield code="a">De nombreuses évidences observationnelles accumulées depuis quelques années démontrent que notre Galaxie, La Voie Lactée, est une galaxie barrée de type SBbc. Cette découverte complique considérablement sa modélisation dynamique car l'hypothèse classique d'axisymétrie n'est plus valable.</subfield><subfield code="5">RERO/geudbu/06.1998</subfield></datafield><datafield ind1="8" ind2=" " tag="520"><subfield code="a">Dans cette thèse, de nombreux modèles barrés tridimensionnels et auto-consistants de dynamique stellaire sont construits par l'évolution, via la méthode &quot;N&quot;-corps, de modèles initiaux axisymétriques instables vis-à-vis de la formation d'une barre.</subfield><subfield code="5">RERO/geudbu/06.1998</subfield></datafield><datafield ind1="8" ind2=" " tag="520"><subfield code="a">Les modèles barrés résultants sont ajustés à une carte photométrique dans l'infrarouge proche de la Galaxie, ainsi qu'à diverses autres contraintes observationnelles, pour estimer en particulier les principaux paramètres de la barre galactique.</subfield><subfield code="5">RERO/geudbu/06.1998</subfield></datafield><datafield ind1="8" ind2=" " tag="520"><subfield code="a">Finalement, une simulation à très haute résolution, ayant exigé plusieurs mois de calcul sur les machines les plus puissantes disponibles à l'Université de Genève et comprenant également une composante gazeuse traitée avec la technique SPH, conduit à une interprétation inédite des observations cinématiques du gaz dans le plan galactique.</subfield><subfield code="5">RERO/geudbu/06.1998</subfield></datafield><datafield ind1=" " ind2="7" tag="650"><subfield code="a">dynamique galactique</subfield><subfield code="0">(RERO)A009973328</subfield><subfield code="2">rerovoc</subfield></datafield><datafield ind1=" " ind2="7" tag="650"><subfield code="a">galaxie (notre)</subfield><subfield code="0">(RERO)A009992056</subfield><subfield code="2">rerovoc</subfield></datafield><datafield ind1=" " ind2=" " tag="900"><subfield code="a">REROnoselfmerge</subfield></datafield><datafield ind1=" " ind2=" " tag="961"><subfield code="2">ge-obs</subfield><subfield code="a">24.41</subfield><subfield code="9">LOCAL</subfield></datafield><datafield ind1=" " ind2=" " tag="961"><subfield code="2">ge-obs</subfield><subfield code="a">24.21</subfield><subfield code="9">LOCAL</subfield></datafield></record>
</metadata></record>