<record><header><identifier>oai:alma.41SLSP_UGE:991000018569705502</identifier><datestamp>2023-03-01T01:09:12Z</datestamp><setSpec>uge_cmu_RapidILL_JOURNAL</setSpec><setSpec>uge_aobs_RapidILL_JOURNAL</setSpec><setSpec>uge_aaca_RapidILL_JOURNAL</setSpec><setSpec>uge_bcen_RapidILL_JOURNAL</setSpec><setSpec>uge_abbat_RapidILL_JOURNAL</setSpec><setSpec>uge_mail_RapidILL_JOURNAL</setSpec><setSpec>uge_dbu_RapidILL_JOURNAL</setSpec><setSpec>UNIGE_ALL</setSpec><setSpec>uge_abels_RapidILL_JOURNAL</setSpec><setSpec>uge_acar_RapidILL_JOURNAL</setSpec></header><metadata>
<record xmlns="http://www.loc.gov/MARC21/slim" xmlns:xsi="http://www.w3.org/2001/XMLSchema-instance" xsi:schemaLocation="http://www.loc.gov/MARC21/slim http://www.loc.gov/standards/marcxml/schema/MARC21slim.xsd"><leader>01061nas a2200301uc 4500</leader><controlfield tag="001">991000018569705502</controlfield><controlfield tag="005">20201231174842.0</controlfield><controlfield tag="008">201012d19781982xxk|| p|      0   ||eng|d</controlfield><datafield ind1=" " ind2=" " tag="022"><subfield code="a">0265-4822</subfield></datafield><datafield ind1=" " ind2=" " tag="035"><subfield code="a">(swissbib)240884094-41slsp_network</subfield></datafield><datafield ind1=" " ind2=" " tag="035"><subfield code="a">240884094</subfield><subfield code="9">ExL</subfield></datafield><datafield ind1=" " ind2=" " tag="035"><subfield code="a">(NEBIS)000983130EBI01</subfield></datafield><datafield ind1=" " ind2=" " tag="035"><subfield code="a">(RERO)R009076079-41slsp</subfield></datafield><datafield ind1=" " ind2=" " tag="035"><subfield code="a">(EXLNZ-41SLSP_NETWORK)991064807719705501</subfield></datafield><datafield ind1=" " ind2=" " tag="040"><subfield code="a">ZBZ</subfield><subfield code="b">ger</subfield><subfield code="e">ETHICS-ISBD</subfield><subfield code="d">CH-ZuSLS</subfield></datafield><datafield ind1=" " ind2="7" tag="072"><subfield code="a">ha</subfield><subfield code="2">rero</subfield></datafield><datafield ind1=" " ind2="7" tag="072"><subfield code="a">ar</subfield><subfield code="2">rero</subfield></datafield><datafield ind1="0" ind2="0" tag="245"><subfield code="a">Afghan studies</subfield><subfield code="c">Society for Afghan Studies</subfield></datafield><datafield ind1=" " ind2="1" tag="264"><subfield code="a">London</subfield><subfield code="b">Society for Afghan Studies</subfield><subfield code="c">1978-1982</subfield></datafield><datafield ind1=" " ind2=" " tag="310"><subfield code="a">Ca. jährlich</subfield></datafield><datafield ind1=" " ind2=" " tag="336"><subfield code="b">txt</subfield><subfield code="2">rdacontent</subfield></datafield><datafield ind1=" " ind2=" " tag="337"><subfield code="b">n</subfield><subfield code="2">rdamedia</subfield></datafield><datafield ind1=" " ind2=" " tag="338"><subfield code="b">nc</subfield><subfield code="2">rdacarrier</subfield></datafield><datafield ind1="0" ind2=" " tag="362"><subfield code="a">Vol. 1 (1978)-3/4(1982)</subfield></datafield><datafield ind1=" " ind2=" " tag="580"><subfield code="a">Devient: South Asian studies : journal of the British Association for South Asian Studies</subfield></datafield><datafield ind1="2" ind2=" " tag="710"><subfield code="a">Society for Afghan Studies</subfield><subfield code="0">(DE-588)1086415493</subfield></datafield><datafield ind1="0" ind2="0" tag="785"><subfield code="t">South Asian studies : journal of the British Association for South Asian Studies</subfield><subfield code="w">(RERO)R009076471-41slsp</subfield></datafield><datafield ind1=" " ind2=" " tag="900"><subfield code="a">NEBISnoselfmerge</subfield></datafield><datafield ind1=" " ind2=" " tag="900"><subfield code="a">REROnoselfmerge</subfield></datafield></record>
</metadata></record>