<record><header><identifier>oai:alma.41SLSP_UGE:991000018779705502</identifier><datestamp>2023-03-01T01:09:12Z</datestamp><setSpec>uge_bcen_RapidILL_BOOK</setSpec><setSpec>uge_aaca_RapidILL_BOOK</setSpec><setSpec>uge_abels_RapidILL_BOOK</setSpec><setSpec>uge_dbu_RapidILL_BOOK</setSpec><setSpec>uge_cmu_RapidILL_BOOK</setSpec><setSpec>uge_mail_RapidILL_BOOK</setSpec><setSpec>UNIGE_ALL</setSpec><setSpec>uge_abbat_RapidILL_BOOK</setSpec><setSpec>uge_aobs_RapidILL_BOOK</setSpec><setSpec>uge_acar_RapidILL_BOOK</setSpec></header><metadata>
<record xmlns="http://www.loc.gov/MARC21/slim" xmlns:xsi="http://www.w3.org/2001/XMLSchema-instance" xsi:schemaLocation="http://www.loc.gov/MARC21/slim http://www.loc.gov/standards/marcxml/schema/MARC21slim.xsd"><leader>01628nam a2200409 c 4500</leader><controlfield tag="001">991000018779705502</controlfield><controlfield tag="005">20201229211659.0</controlfield><controlfield tag="008">201011s1979    fr ||||| |||| 00| ||fre d</controlfield><datafield ind1=" " ind2=" " tag="020"><subfield code="a">2252019077</subfield></datafield><datafield ind1=" " ind2=" " tag="035"><subfield code="a">(swissbib)217838111-41slsp_network</subfield></datafield><datafield ind1=" " ind2=" " tag="035"><subfield code="a">217838111</subfield><subfield code="9">ExL</subfield></datafield><datafield ind1=" " ind2=" " tag="035"><subfield code="a">(RERO)0222404-41slsp</subfield></datafield><datafield ind1=" " ind2=" " tag="035"><subfield code="a">(NEBIS)003111463EBI01</subfield></datafield><datafield ind1=" " ind2=" " tag="035"><subfield code="a">(IDSBB)000331878DSV01</subfield></datafield><datafield ind1=" " ind2=" " tag="035"><subfield code="a">(EXLNZ-41SLSP_NETWORK)991031357479705501</subfield></datafield><datafield ind1=" " ind2=" " tag="040"><subfield code="a">RERO</subfield><subfield code="d">CH-ZuSLS</subfield></datafield><datafield ind1=" " ind2="7" tag="072"><subfield code="a">fm</subfield><subfield code="2">rero</subfield></datafield><datafield ind1=" " ind2="7" tag="072"><subfield code="a">rs</subfield><subfield code="2">SzZuIDS BS/BE</subfield></datafield><datafield ind1="0" ind2="0" tag="082"><subfield code="a">849/.12</subfield></datafield><datafield ind1="0" ind2=" " tag="100"><subfield code="a">Hue</subfield><subfield code="c">De Rotelande</subfield><subfield code="0">(RERO)A012336030</subfield><subfield code="4">cre</subfield></datafield><datafield ind1="1" ind2="0" tag="245"><subfield code="a">Ipomedon</subfield><subfield code="b">poème de Hue de Rotelande (fin du XIIe siècle)</subfield><subfield code="c">éd. avec introd., notes et glossaire par A.J. Holden</subfield></datafield><datafield ind1=" " ind2="1" tag="264"><subfield code="a">Paris</subfield><subfield code="b">Klincksieck</subfield><subfield code="c">1979</subfield></datafield><datafield ind1=" " ind2=" " tag="300"><subfield code="a">614 p.</subfield><subfield code="c">21 cm</subfield></datafield><datafield ind1=" " ind2=" " tag="336"><subfield code="b">txt</subfield><subfield code="2">rdacontent</subfield></datafield><datafield ind1=" " ind2=" " tag="337"><subfield code="b">n</subfield><subfield code="2">rdamedia</subfield></datafield><datafield ind1=" " ind2=" " tag="338"><subfield code="b">nc</subfield><subfield code="2">rdacarrier</subfield></datafield><datafield ind1="1" ind2=" " tag="490"><subfield code="a">Bibliothèque française et romane. Série B, éditions critiques de textes</subfield><subfield code="v">17</subfield></datafield><datafield ind1=" " ind2="7" tag="650"><subfield code="a">Altfranzösisch</subfield><subfield code="0">(DE-588)4001516-6</subfield><subfield code="2">gnd</subfield></datafield><datafield ind1=" " ind2="0" tag="650"><subfield code="a">Middle Ages</subfield><subfield code="v">Poetry</subfield></datafield><datafield ind1="0" ind2=" " tag="700"><subfield code="a">Huon</subfield><subfield code="c">de Rotelande</subfield><subfield code="d">ca. 12. Jh.</subfield><subfield code="0">(DE-588)119547783</subfield></datafield><datafield ind1="1" ind2=" " tag="700"><subfield code="a">Holden, Anthony J.</subfield></datafield><datafield ind1="1" ind2=" " tag="700"><subfield code="a">Holden, Anthony John</subfield><subfield code="0">(RERO)A003379033</subfield></datafield><datafield ind1=" " ind2=" " tag="830"><subfield code="a">Bibliothèque française et romane</subfield><subfield code="n">Série B</subfield><subfield code="p">Editions critiques de textes</subfield><subfield code="v">17</subfield><subfield code="w">(NEBIS)000987701EBI01</subfield></datafield><datafield ind1=" " ind2=" " tag="830"><subfield code="a">Bibliothèque française et romane</subfield><subfield code="p">Série B, Editions critiques de textes</subfield><subfield code="v">17</subfield><subfield code="w">(IDSBB)000098710DSV01</subfield></datafield><datafield ind1=" " ind2=" " tag="830"><subfield code="a">Bibliothèque française et romane</subfield><subfield code="n">Série B</subfield><subfield code="p">Editions critiques de textes</subfield><subfield code="v">17</subfield><subfield code="w">(RERO)0010481-41slsp</subfield></datafield><datafield ind1=" " ind2=" " tag="900"><subfield code="a">REROnoselfmerge</subfield></datafield><datafield ind1=" " ind2=" " tag="900"><subfield code="a">IDSZRMedeaZBZ</subfield><subfield code="b">IDSZRSWK</subfield></datafield><datafield ind1=" " ind2=" " tag="900"><subfield code="f">IDSU2medea</subfield></datafield></record>
</metadata></record>