<record><header><identifier>oai:alma.41SLSP_UGE:991000019529705502</identifier><datestamp>2024-11-16T01:14:33Z</datestamp><setSpec>uge_bcen_RapidILL_BOOK</setSpec><setSpec>uge_aaca_RapidILL_BOOK</setSpec><setSpec>uge_abels_RapidILL_BOOK</setSpec><setSpec>uge_dbu_RapidILL_BOOK</setSpec><setSpec>uge_cmu_RapidILL_BOOK</setSpec><setSpec>uge_mail_RapidILL_BOOK</setSpec><setSpec>uge_abbat_RapidILL_BOOK</setSpec><setSpec>UNIGE_ALL</setSpec><setSpec>uge_aobs_RapidILL_BOOK</setSpec><setSpec>uge_acar_RapidILL_BOOK</setSpec></header><metadata>
<record xmlns="http://www.loc.gov/MARC21/slim" xmlns:xsi="http://www.w3.org/2001/XMLSchema-instance" xsi:schemaLocation="http://www.loc.gov/MARC21/slim http://www.loc.gov/standards/marcxml/schema/MARC21slim.xsd"><leader>05658nam a2201045 c 4500</leader><controlfield tag="001">991000019529705502</controlfield><controlfield tag="005">20241115110431.0</controlfield><controlfield tag="008">201011s2014    gw            00| | ger| </controlfield><datafield ind1=" " ind2=" " tag="015"><subfield code="a">14,N14</subfield><subfield code="2">dnb</subfield></datafield><datafield ind1="7" ind2=" " tag="016"><subfield code="a">1049254368</subfield><subfield code="2">DE-101</subfield></datafield><datafield ind1=" " ind2=" " tag="020"><subfield code="a">3728136042</subfield></datafield><datafield ind1=" " ind2=" " tag="020"><subfield code="a">9783728136046</subfield><subfield code="c">CHF 24.00</subfield></datafield><datafield ind1=" " ind2=" " tag="035"><subfield code="a">(swissbib)228973600-41slsp_network</subfield></datafield><datafield ind1=" " ind2=" " tag="035"><subfield code="a">228973600</subfield><subfield code="9">ExL</subfield></datafield><datafield ind1=" " ind2=" " tag="035"><subfield code="a">(IDSBB)006295072DSV01</subfield></datafield><datafield ind1=" " ind2=" " tag="035"><subfield code="a">(IDSLU)001174136ILU01</subfield></datafield><datafield ind1=" " ind2=" " tag="035"><subfield code="a">(RERO)R007875100-41slsp</subfield></datafield><datafield ind1=" " ind2=" " tag="035"><subfield code="a">(IDSSG)000840859HSB01</subfield></datafield><datafield ind1=" " ind2=" " tag="035"><subfield code="a">(SBT)000744890SBT01</subfield></datafield><datafield ind1=" " ind2=" " tag="035"><subfield code="a">(NEBIS)010223004EBI01</subfield></datafield><datafield ind1=" " ind2=" " tag="035"><subfield code="a">(OCoLC)891651472</subfield></datafield><datafield ind1=" " ind2=" " tag="035"><subfield code="a">(OCoLC)875560921</subfield></datafield><datafield ind1=" " ind2=" " tag="035"><subfield code="a">(ABN)000759029ABN01</subfield></datafield><datafield ind1=" " ind2=" " tag="035"><subfield code="a">(ALEX)bv9925944793201791</subfield></datafield><datafield ind1=" " ind2=" " tag="035"><subfield code="a">(EXLNZ-41SLSP_NETWORK)991100372589705501</subfield></datafield><datafield ind1=" " ind2=" " tag="040"><subfield code="a">GWDNB</subfield><subfield code="e">kids</subfield><subfield code="d">CH-ZuSLS</subfield></datafield><datafield ind1="1" ind2=" " tag="041"><subfield code="a">ger</subfield><subfield code="h">fre</subfield></datafield><datafield ind1=" " ind2=" " tag="044"><subfield code="a">sz</subfield><subfield code="c">ch-zh</subfield></datafield><datafield ind1=" " ind2="7" tag="072"><subfield code="a">lw</subfield><subfield code="2">SzZuIDS BS/BE</subfield></datafield><datafield ind1=" " ind2="7" tag="072"><subfield code="a">160</subfield><subfield code="2">IDS LU</subfield></datafield><datafield ind1=" " ind2="7" tag="072"><subfield code="a">sp</subfield><subfield code="2">rero</subfield></datafield><datafield ind1="0" ind2="4" tag="082"><subfield code="a">320.9494</subfield><subfield code="2">22/ger</subfield></datafield><datafield ind1="0" ind2="4" tag="082"><subfield code="a">550</subfield></datafield><datafield ind1="1" ind2="4" tag="082"><subfield code="a">630</subfield><subfield code="2">15</subfield></datafield><datafield ind1=" " ind2=" " tag="084"><subfield code="a">550</subfield><subfield code="2">sdnb</subfield></datafield><datafield ind1=" " ind2=" " tag="084"><subfield code="a">320</subfield><subfield code="a">940</subfield><subfield code="2">sdnb</subfield></datafield><datafield ind1=" " ind2=" " tag="084"><subfield code="a">MG 32990</subfield><subfield code="2">rvk</subfield></datafield><datafield ind1="1" ind2=" " tag="100"><subfield code="a">Rudaz, Gilles</subfield><subfield code="d">1971-</subfield><subfield code="0">(DE-588)1082262595</subfield><subfield code="6">880-01</subfield></datafield><datafield ind1="1" ind2=" " tag="880"><subfield code="6">100-01</subfield><subfield code="a">Rudaz, Gilles</subfield><subfield code="0">(IDREF)080449131</subfield><subfield code="4">cre</subfield></datafield><datafield ind1="1" ind2="0" tag="240"><subfield code="a">&lt;&lt;La&gt;&gt; montagne suisse en politique</subfield></datafield><datafield ind1="1" ind2="0" tag="245"><subfield code="a">&lt;&lt;Die&gt;&gt; schweizerischen Berggebiete in der Politik</subfield><subfield code="c">Gilles Rudaz, Bernard Debarbieux</subfield></datafield><datafield ind1=" " ind2="1" tag="264"><subfield code="a">Zürich</subfield><subfield code="b">vdf Hochschulverlag an der ETH Zürich</subfield><subfield code="c">2014</subfield></datafield><datafield ind1=" " ind2=" " tag="300"><subfield code="a">134 S.</subfield><subfield code="b">Ill.</subfield><subfield code="c">21 cm</subfield></datafield><datafield ind1=" " ind2=" " tag="336"><subfield code="b">txt</subfield><subfield code="2">rdacontent</subfield></datafield><datafield ind1=" " ind2=" " tag="337"><subfield code="b">n</subfield><subfield code="2">rdamedia</subfield></datafield><datafield ind1=" " ind2=" " tag="338"><subfield code="b">nc</subfield><subfield code="2">rdacarrier</subfield></datafield><datafield ind1=" " ind2=" " tag="500"><subfield code="a">Die Originalausgabe erschien als Band 94 in der Reihe &quot;Le savoir suisse&quot;</subfield></datafield><datafield ind1=" " ind2=" " tag="500"><subfield code="a">Titolo originale: La montagne suisse en politique</subfield></datafield><datafield ind1="3" ind2=" " tag="520"><subfield code="a">Die Berge sind seit über 150 Jahren ein bedeutendes Thema in der Schweizer Politiklandschaft. Seit Mitte des 19. Jahrhunderts prägen sie massgeblich das Nationalbewusstsein, stellen eine wichtige touristische Ressource dar und waren insbesondere seit den 1920er-Jahren viele Male Gegenstand der öffentlichen Politik sowie unzähliger Kontroversen. Dieses Buch gibt einen Überblick über die verschiedenen Formen der Politisierung der Berge in der Schweiz. Die Initiativen zur Waldbewirtschaftung im 19. Jahrhundert finden ebenso Aufmerksamkeit wie Massnahmen, die zwischen den beiden Weltkriegen zugunsten der Bergbevölkerung getroffen wurden. Doch auch und vor allem aktuelle Themen stehen im Mittelpunkt: etwa die Alpenkonvention, die TransJurassische Konferenz, Initiativen zum alpenquerenden Verkehr oder zu Zweitwohnungen sowie der Anfang des neuen Jahrtausends einsetzende tief greifende Wandel in der Regional-, Agrarund Umweltpolitik. Zu einem Zeitpunkt, da auf Bundesebene immer mehr Raum für neue Betrachtungen besteht, vermittelt dieses Buch die nötigen Kenntnisse zum Umgang der Schweizer Politik mit dem Thema Berge. (Quelle: www.buchhandel.de)</subfield></datafield><datafield ind1=" " ind2="7" tag="648"><subfield code="a">Geschichte 1862-2014</subfield><subfield code="2">gnd</subfield></datafield><datafield ind1=" " ind2="7" tag="648"><subfield code="a">Geschichte</subfield><subfield code="2">gnd</subfield></datafield><datafield ind1=" " ind2="7" tag="650"><subfield code="a">Gebirge</subfield><subfield code="0">(DE-STW)15869-6</subfield><subfield code="2">stw</subfield></datafield><datafield ind1=" " ind2="7" tag="650"><subfield code="a">Peripherie</subfield><subfield code="0">(DE-588)4232983-8</subfield><subfield code="2">gnd</subfield></datafield><datafield ind1=" " ind2="7" tag="650"><subfield code="a">Politique et gouvernement</subfield><subfield code="0">(IDREF)027728110</subfield><subfield code="2">idref</subfield></datafield><datafield ind1=" " ind2="7" tag="650"><subfield code="a">Aménagement du territoire</subfield><subfield code="0">(IDREF)027257479</subfield><subfield code="2">idref</subfield></datafield><datafield ind1=" " ind2="7" tag="650"><subfield code="a">Montagnes</subfield><subfield code="0">(IDREF)027237907</subfield><subfield code="2">idref</subfield></datafield><datafield ind1=" " ind2="7" tag="650"><subfield code="a">Régionalisation économique</subfield><subfield code="0">(IDREF)028566696</subfield><subfield code="2">idref</subfield></datafield><datafield ind1=" " ind2="7" tag="650"><subfield code="a">Politique de l'environnement</subfield><subfield code="0">(IDREF)027224104</subfield><subfield code="2">idref</subfield></datafield><datafield ind1=" " ind2="7" tag="650"><subfield code="a">Kontroverse</subfield><subfield code="0">(DE-588)4128337-5</subfield><subfield code="2">gnd</subfield></datafield><datafield ind1=" " ind2="7" tag="650"><subfield code="a">Regionalpolitik</subfield><subfield code="0">(DE-588)4049043-9</subfield><subfield code="2">gnd</subfield></datafield><datafield ind1=" " ind2="7" tag="650"><subfield code="a">Forstpolitik</subfield><subfield code="0">(DE-588)4123218-5</subfield><subfield code="2">gnd</subfield></datafield><datafield ind1=" " ind2="7" tag="650"><subfield code="a">Umweltpolitik</subfield><subfield code="0">(DE-588)4078523-3</subfield><subfield code="2">gnd</subfield></datafield><datafield ind1=" " ind2="7" tag="650"><subfield code="a">Nachhaltigkeit</subfield><subfield code="0">(DE-588)4326464-5</subfield><subfield code="2">gnd</subfield></datafield><datafield ind1=" " ind2="7" tag="650"><subfield code="a">Agrarpolitik</subfield><subfield code="0">(DE-588)4000771-6</subfield><subfield code="2">gnd</subfield></datafield><datafield ind1=" " ind2="7" tag="650"><subfield code="a">Staatstätigkeit</subfield><subfield code="0">(DE-588)4182679-6</subfield><subfield code="2">gnd</subfield></datafield><datafield ind1=" " ind2="7" tag="650"><subfield code="a">Politik</subfield><subfield code="0">(DE-588)4046514-7</subfield><subfield code="2">gnd</subfield></datafield><datafield ind1=" " ind2="7" tag="650"><subfield code="a">Gebirge</subfield><subfield code="0">(DE-588)4019535-1</subfield><subfield code="2">gnd</subfield></datafield><datafield ind1=" " ind2="7" tag="650"><subfield code="a">AGRARPOLITIK</subfield><subfield code="9">ger</subfield><subfield code="0">(ETHUDK)000010747</subfield><subfield code="2">ethudk</subfield></datafield><datafield ind1=" " ind2="7" tag="650"><subfield code="a">BERGGEBIETE + GEBIRGSREGIONEN (RAUMPLANUNG)</subfield><subfield code="9">ger</subfield><subfield code="0">(ETHUDK)000048247</subfield><subfield code="2">ethudk</subfield></datafield><datafield ind1=" " ind2="7" tag="650"><subfield code="a">NACHHALTIGE ENTWICKLUNG</subfield><subfield code="9">ger</subfield><subfield code="0">(ETHUDK)000050735</subfield><subfield code="2">ethudk</subfield></datafield><datafield ind1=" " ind2="7" tag="650"><subfield code="a">REGIONALE GEOGRAFIE</subfield><subfield code="9">ger</subfield><subfield code="0">(ETHUDK)000038659</subfield><subfield code="2">ethudk</subfield></datafield><datafield ind1=" " ind2="7" tag="650"><subfield code="a">REGIONALPOLITIK + REGIONALISMUS (INNENPOLITIK)</subfield><subfield code="9">ger</subfield><subfield code="0">(ETHUDK)000044516</subfield><subfield code="2">ethudk</subfield></datafield><datafield ind1=" " ind2="7" tag="650"><subfield code="a">SCHWEIZ (MITTELEUROPA). SCHWEIZERISCHE EIDGENOSSENSCHAFT</subfield><subfield code="9">ger</subfield><subfield code="0">(ETHUDK)000004571</subfield><subfield code="2">ethudk</subfield></datafield><datafield ind1=" " ind2="7" tag="650"><subfield code="a">UMWELTPOLITIK + UMWELTSCHUTZPOLITIK + NATURSCHUTZPOLITIK (POLITIK)</subfield><subfield code="9">ger</subfield><subfield code="0">(ETHUDK)000044301</subfield><subfield code="2">ethudk</subfield></datafield><datafield ind1=" " ind2="7" tag="650"><subfield code="a">Montagne</subfield><subfield code="x">Geografia politica</subfield><subfield code="z">Svizzera</subfield><subfield code="2">sbt12</subfield></datafield><datafield ind1=" " ind2="7" tag="651"><subfield code="a">Suisse</subfield><subfield code="0">(IDREF)027249654</subfield><subfield code="2">idref</subfield></datafield><datafield ind1=" " ind2="7" tag="651"><subfield code="a">Schweiz</subfield><subfield code="0">(DE-588)4053881-3</subfield><subfield code="2">gnd</subfield></datafield><datafield ind1=" " ind2=" " tag="690"><subfield code="a">Gebirge</subfield><subfield code="2">ubs-FC</subfield></datafield><datafield ind1=" " ind2=" " tag="690"><subfield code="a">217a</subfield><subfield code="d">Schweiz: Recht, Politik</subfield><subfield code="2">uzb-UJ</subfield></datafield><datafield ind1=" " ind2=" " tag="690"><subfield code="a">212b</subfield><subfield code="d">Schweiz: Raumplanung, Regionalentwicklung</subfield><subfield code="2">uzb-UJ</subfield></datafield><datafield ind1=" " ind2=" " tag="690"><subfield code="a">230</subfield><subfield code="d">Alpen (Schweiz)</subfield><subfield code="2">uzb-UJ</subfield></datafield><datafield ind1=" " ind2=" " tag="690"><subfield code="a">215a</subfield><subfield code="d">Schweiz: Berglandwirtschaft, Alpwirtschaft</subfield><subfield code="2">uzb-UJ</subfield></datafield><datafield ind1="1" ind2=" " tag="700"><subfield code="a">Debarbieux, Bernard</subfield><subfield code="d">1959-</subfield><subfield code="0">(DE-588)142106380</subfield><subfield code="6">880-02</subfield></datafield><datafield ind1="1" ind2=" " tag="880"><subfield code="6">700-02</subfield><subfield code="a">Debarbieux, Bernard</subfield><subfield code="c">auteur en géographie</subfield><subfield code="d">1959-....</subfield><subfield code="0">(IDREF)030083257</subfield></datafield><datafield ind1="4" ind2=" " tag="856"><subfield code="3">Titelblatt und Inhaltsverzeichnis</subfield><subfield code="u">https://toc.library.ethz.ch/objects/pdf03/e19_978-3-7281-3604-6_01.pdf</subfield><subfield code="q">pdf</subfield></datafield><datafield ind1="4" ind2=" " tag="856"><subfield code="3">Abstract / Autoreninformation</subfield><subfield code="u">https://toc.library.ethz.ch/objects/pdf03/e01_978-3-7281-3604-6_02.pdf</subfield><subfield code="q">pdf</subfield></datafield><datafield ind1=" " ind2=" " tag="900"><subfield code="a">REROnoselfmerge</subfield></datafield><datafield ind1=" " ind2=" " tag="900"><subfield code="a">IDSZ2zbzmon201410l</subfield><subfield code="c">IDSZ2sage</subfield><subfield code="d">IDSZ2zbzswk201412g</subfield><subfield code="e">IDSZ2hang</subfield></datafield><datafield ind1=" " ind2=" " tag="900"><subfield code="a">IDSE5E19ANH-2014</subfield></datafield><datafield ind1=" " ind2=" " tag="949"><subfield code="a">https://toc.library.ethz.ch/objects/pdf03/e19_978-3-7281-3604-6_01.pdf</subfield></datafield><datafield ind1=" " ind2=" " tag="949"><subfield code="a">https://toc.library.ethz.ch/objects/pdf03/e01_978-3-7281-3604-6_02.pdf</subfield></datafield></record>
</metadata></record>