<record><header><identifier>oai:alma.41SLSP_UGE:991000019319705502</identifier><datestamp>2023-11-24T01:25:36Z</datestamp><setSpec>uge_bcen_RapidILL_BOOK</setSpec><setSpec>uge_aaca_RapidILL_BOOK</setSpec><setSpec>uge_abels_RapidILL_BOOK</setSpec><setSpec>uge_dbu_RapidILL_BOOK</setSpec><setSpec>uge_cmu_RapidILL_BOOK</setSpec><setSpec>uge_mail_RapidILL_BOOK</setSpec><setSpec>uge_abbat_RapidILL_BOOK</setSpec><setSpec>UNIGE_ALL</setSpec><setSpec>uge_acar_RapidILL_BOOK</setSpec><setSpec>uge_aobs_RapidILL_BOOK</setSpec></header><metadata>
<record xmlns="http://www.loc.gov/MARC21/slim" xmlns:xsi="http://www.w3.org/2001/XMLSchema-instance" xsi:schemaLocation="http://www.loc.gov/MARC21/slim http://www.loc.gov/standards/marcxml/schema/MARC21slim.xsd"><leader>04961nam a22005897c 4500</leader><controlfield tag="001">991000019319705502</controlfield><controlfield tag="005">20230327184855.0</controlfield><controlfield tag="008">201012s2001    fr ||||| |||| 00| ||fre d</controlfield><datafield ind1=" " ind2=" " tag="020"><subfield code="a">2865869253</subfield></datafield><datafield ind1="7" ind2=" " tag="024"><subfield code="a">http://catalogue.bnf.fr/ark:/12148/cb37690142f</subfield><subfield code="2">uri</subfield></datafield><datafield ind1=" " ind2=" " tag="035"><subfield code="a">(swissbib)236788388-41slsp_network</subfield></datafield><datafield ind1=" " ind2=" " tag="035"><subfield code="a">236788388</subfield><subfield code="9">ExL</subfield></datafield><datafield ind1=" " ind2=" " tag="035"><subfield code="a">(RERO)R003091150-41slsp</subfield></datafield><datafield ind1=" " ind2=" " tag="035"><subfield code="a">(SBT)000584639SBT01</subfield></datafield><datafield ind1=" " ind2=" " tag="035"><subfield code="a">(NEBIS)004127936EBI01</subfield></datafield><datafield ind1=" " ind2=" " tag="035"><subfield code="a">(IDSBB)002441832DSV01</subfield></datafield><datafield ind1=" " ind2=" " tag="035"><subfield code="a">(ALEX)bv000874243</subfield></datafield><datafield ind1=" " ind2=" " tag="035"><subfield code="a">(EXLNZ-41SLSP_NETWORK)991120977869705501</subfield></datafield><datafield ind1=" " ind2=" " tag="040"><subfield code="a">RERO laiuhm</subfield><subfield code="d">CH-ZuSLS</subfield></datafield><datafield ind1=" " ind2="7" tag="072"><subfield code="a">ph</subfield><subfield code="2">rero</subfield></datafield><datafield ind1=" " ind2="7" tag="072"><subfield code="a">me</subfield><subfield code="2">rero</subfield></datafield><datafield ind1=" " ind2="7" tag="072"><subfield code="a">me</subfield><subfield code="2">SzZuIDS BS/BE</subfield></datafield><datafield ind1="1" ind2="4" tag="082"><subfield code="a">610</subfield><subfield code="2">15</subfield></datafield><datafield ind1=" " ind2=" " tag="084"><subfield code="a">A 7 g</subfield><subfield code="2">cjurrom</subfield></datafield><datafield ind1="1" ind2=" " tag="100"><subfield code="a">Moyse, Danielle</subfield><subfield code="0">(IDREF)055848621</subfield><subfield code="4">cre</subfield></datafield><datafield ind1="1" ind2="0" tag="245"><subfield code="a">Bien naître, bien être, bien mourir</subfield><subfield code="b">propos sur l'eugénisme et l'euthanasie</subfield><subfield code="c">Danielle Moyse</subfield></datafield><datafield ind1=" " ind2="1" tag="264"><subfield code="a">Ramonville Saint-Agne</subfield><subfield code="b">Ed. Erès</subfield><subfield code="c">2001</subfield></datafield><datafield ind1=" " ind2=" " tag="300"><subfield code="a">275 p.</subfield><subfield code="c">19 cm</subfield></datafield><datafield ind1=" " ind2=" " tag="336"><subfield code="b">txt</subfield><subfield code="2">rdacontent</subfield></datafield><datafield ind1=" " ind2=" " tag="337"><subfield code="b">n</subfield><subfield code="2">rdamedia</subfield></datafield><datafield ind1=" " ind2=" " tag="338"><subfield code="b">nc</subfield><subfield code="2">rdacarrier</subfield></datafield><datafield ind1="1" ind2=" " tag="490"><subfield code="a">Collection Réponses philosophiques</subfield></datafield><datafield ind1="0" ind2=" " tag="505"><subfield code="a">Bien naître sur fond d'eugénisme? 1. La crainte des &quot;dérives eugéniques&quot;: une thématique trompeuse. 2. Maintenir le terme d'&quot;eugénisme&quot; pour désigner la présente gestion sélective des naissances? 3. Présupposés philosophiques de la gestion sélective des naissances. 4. Se soucier autrement de la naissance des mortels. 5. Qu'est-ce que bien naître? 6. Une &quot;science eugénique&quot; pourrait-elle favoriser les bonnes naissances? 7. Pouvons-nous surmonter la présente conception conception du &quot;bien naître&quot; et pourquoi le ferions-nous? Bien être dans l'horizon : de la métaphysique occidentale? 8. Bien être, est-ce se trouver dans un état de confort exclusif de tout malaise? 9 Bien être et bien naître. 10. Le mal qui menace notre bien-être. 11. Affrontement. 12. Bien être, y être. 13. Liens d'amour, liens de parole. Bien mourir en supprimant la mort? 14. Une dernière chance de dire. 15. Désir de mort. 16. Déplacer les questions. 17. Mort de l'accomplissement, mort de l'indistinction. 18. La mise à mort comme échec de l'euthanasie. 19. Laisser mourir. Conclusion</subfield></datafield><datafield ind1="8" ind2=" " tag="520"><subfield code="a">La première partie de ce livre s'attache à l'examen des problèmes éthiques soulevés par la sélection des naissances, la seconde et la troisième à celui des difficultés soulevées par l'organisation gestionnaire de notre existence et de notre mort. Il répond aux différentes questions générées par ces thèmes en se demandant si le &quot;contrôle&quot; de la vie humaine du début à sa fin, ne la met pas gravement en péril.</subfield><subfield code="5">RERO/vdcdsp/05.2013</subfield></datafield><datafield ind1=" " ind2=" " tag="520"><subfield code="a">Suffit-il de se dire &lt;&lt;contre&gt;&gt; l'eugénisme ou l'euthanasie pour se libérer vraiment de ce qui les rend possibles? Avons-nous dépassé l'eugénisme ou la sélection actuelle des naissances en constitue-t-elle le plein accomplissement? Quelle est notre liberté face à elle quand on rappelle à l'occasion le &lt;&lt;coût d'un mongolien&gt;&gt;? Comment s'assurer, au terme de l'existence, que, dans pareil contexte, l'euthanasie réalise le &lt;&lt;droit de choisir l'heure de sa propre mort&gt;&gt;? Favoriser de bonnes venues au monde implique-t-il une sélection des vies à naître et pouvons-nous nous contenter de &lt;&lt;réglementer&gt;&gt; l'euthanasie pour que les hommes et les femmes puissent bien le quitter? Ne faut-il pas, tout au contraire, changer radicalement leur séjour en ce monde pour qu'ils y soient véritablement accueillis du premier au dernier jour de leur vie? Est-il possible d'apprendre à accompagner la vie sans vouloir en forcer le mouvement et, radicalisée, la volonté de contrôle ne la met-elle pas paradoxalement en péril? Telles sont quelques-unes des difficiles questions auxquelles cet ouvrage s'efforce d'apporter sa contribution. L'auteur nous invite ici à repenser notre rapport à la naissance, à la vie et à la mort, pour que nous puissions véritablement bien naître, bien être et bien mourir.</subfield><subfield code="5">SBT/FSCMH 17.2.2009</subfield></datafield><datafield ind1=" " ind2="2" tag="650"><subfield code="a">Euthanasia</subfield></datafield><datafield ind1=" " ind2="2" tag="650"><subfield code="a">Eugenics</subfield></datafield><datafield ind1=" " ind2="2" tag="650"><subfield code="a">Prenatal Diagnosis</subfield></datafield><datafield ind1=" " ind2="2" tag="650"><subfield code="a">Ethics, Medical</subfield></datafield><datafield ind1=" " ind2="7" tag="650"><subfield code="a">Eugénisme</subfield><subfield code="0">(IDREF)027423387</subfield><subfield code="2">idref</subfield></datafield><datafield ind1=" " ind2="7" tag="650"><subfield code="a">Euthanasie</subfield><subfield code="0">(IDREF)027594912</subfield><subfield code="2">idref</subfield></datafield><datafield ind1=" " ind2="7" tag="650"><subfield code="a">BIOÉTHIQUE</subfield><subfield code="9">fre</subfield><subfield code="0">(ETHUDK)000009761</subfield><subfield code="2">ethudk</subfield></datafield><datafield ind1=" " ind2="7" tag="650"><subfield code="a">EUTHANASIE ACTIVE + AIDE DE MORT ACTIVE (DROIT PÉNAL)</subfield><subfield code="9">fre</subfield><subfield code="0">(ETHUDK)000011273</subfield><subfield code="2">ethudk</subfield></datafield><datafield ind1=" " ind2="7" tag="650"><subfield code="a">HYGIÈNE RACIALE + EUGÉNISME</subfield><subfield code="9">fre</subfield><subfield code="0">(ETHUDK)000026457</subfield><subfield code="2">ethudk</subfield></datafield><datafield ind1=" " ind2="7" tag="650"><subfield code="a">TECHNOLOGIE DE LA REPRODUCTION (BIOLOGIE)</subfield><subfield code="9">fre</subfield><subfield code="0">(ETHUDK)000037842</subfield><subfield code="2">ethudk</subfield></datafield><datafield ind1=" " ind2="7" tag="650"><subfield code="a">ÉTHIQUE MÉDICALE</subfield><subfield code="9">fre</subfield><subfield code="0">(ETHUDK)000045848</subfield><subfield code="2">ethudk</subfield></datafield><datafield ind1=" " ind2="7" tag="650"><subfield code="a">Rassenhygiene</subfield><subfield code="2">idsbb</subfield></datafield><datafield ind1=" " ind2="7" tag="650"><subfield code="a">Euthanasie</subfield><subfield code="2">idsbb</subfield></datafield><datafield ind1=" " ind2=" " tag="690"><subfield code="a">Euthanasie</subfield><subfield code="2">uzb-UU</subfield></datafield><datafield ind1=" " ind2=" " tag="690"><subfield code="a">Vererbung</subfield><subfield code="2">uzb-UU</subfield></datafield><datafield ind1=" " ind2=" " tag="690"><subfield code="a">Ethik</subfield><subfield code="2">uzb-UU</subfield></datafield><datafield ind1=" " ind2=" " tag="690"><subfield code="a">Medizinische Philosophie</subfield><subfield code="2">uzb-UU</subfield></datafield><datafield ind1=" " ind2="0" tag="830"><subfield code="a">Collection Réponses philosophiques</subfield><subfield code="w">(RERO)R242053260-41slsp</subfield></datafield><datafield ind1=" " ind2=" " tag="900"><subfield code="a">REROnoselfmerge</subfield></datafield></record>
</metadata></record>