<record><header><identifier>oai:alma.41SLSP_UGE:991000019519705502</identifier><datestamp>2024-10-17T00:10:41Z</datestamp><setSpec>uge_bcen_RapidILL_BOOK</setSpec><setSpec>uge_aaca_RapidILL_BOOK</setSpec><setSpec>uge_abels_RapidILL_BOOK</setSpec><setSpec>uge_dbu_RapidILL_BOOK</setSpec><setSpec>uge_cmu_RapidILL_BOOK</setSpec><setSpec>uge_mail_RapidILL_BOOK</setSpec><setSpec>uge_abbat_RapidILL_BOOK</setSpec><setSpec>UNIGE_ALL</setSpec><setSpec>uge_aobs_RapidILL_BOOK</setSpec><setSpec>uge_acar_RapidILL_BOOK</setSpec></header><metadata>
<record xmlns="http://www.loc.gov/MARC21/slim" xmlns:xsi="http://www.w3.org/2001/XMLSchema-instance" xsi:schemaLocation="http://www.loc.gov/MARC21/slim http://www.loc.gov/standards/marcxml/schema/MARC21slim.xsd"><leader>01778nam a2200421 c 4500</leader><controlfield tag="001">991000019519705502</controlfield><controlfield tag="005">20241016194904.0</controlfield><controlfield tag="008">201011s1973    xxk||||| |||| 00| ||eng d</controlfield><datafield ind1=" " ind2=" " tag="020"><subfield code="a">0198512716</subfield></datafield><datafield ind1=" " ind2=" " tag="035"><subfield code="a">(swissbib)221029095-41slsp_network</subfield></datafield><datafield ind1=" " ind2=" " tag="035"><subfield code="a">221029095</subfield><subfield code="9">ExL</subfield></datafield><datafield ind1=" " ind2=" " tag="035"><subfield code="a">(RERO)1510443-41slsp</subfield></datafield><datafield ind1=" " ind2=" " tag="035"><subfield code="a">(IDSBB)002039790DSV01</subfield></datafield><datafield ind1=" " ind2=" " tag="035"><subfield code="a">(NEBIS)000547707EBI01</subfield></datafield><datafield ind1=" " ind2=" " tag="035"><subfield code="a">(EXLNZ-41SLSP_NETWORK)991150704229705501</subfield></datafield><datafield ind1=" " ind2=" " tag="040"><subfield code="a">RERO geusba</subfield><subfield code="d">CH-ZuSLS</subfield></datafield><datafield ind1=" " ind2="7" tag="072"><subfield code="a">py</subfield><subfield code="2">rero</subfield></datafield><datafield ind1="1" ind2=" " tag="100"><subfield code="a">Zeiger, Herbert Jack</subfield><subfield code="0">(IDREF)081343353</subfield><subfield code="4">cre</subfield></datafield><datafield ind1="1" ind2="0" tag="245"><subfield code="a">Magnetic interactions in solids</subfield><subfield code="c">by H.J. Zeiger and G.W. Pratt</subfield></datafield><datafield ind1=" " ind2="1" tag="264"><subfield code="a">Oxford</subfield><subfield code="b">Clarendon Press</subfield><subfield code="c">1973</subfield></datafield><datafield ind1=" " ind2=" " tag="300"><subfield code="a">XV, 660 p.</subfield><subfield code="b">ill.</subfield><subfield code="c">24 cm</subfield></datafield><datafield ind1=" " ind2=" " tag="336"><subfield code="b">txt</subfield><subfield code="2">rdacontent</subfield></datafield><datafield ind1=" " ind2=" " tag="337"><subfield code="b">n</subfield><subfield code="2">rdamedia</subfield></datafield><datafield ind1=" " ind2=" " tag="338"><subfield code="b">nc</subfield><subfield code="2">rdacarrier</subfield></datafield><datafield ind1="1" ind2=" " tag="490"><subfield code="a">The international series of monographs on physics</subfield></datafield><datafield ind1=" " ind2="7" tag="650"><subfield code="a">Cristaux</subfield><subfield code="0">(IDREF)027351394</subfield><subfield code="2">idref</subfield></datafield><datafield ind1=" " ind2="7" tag="650"><subfield code="a">Propriétés magnétiques</subfield><subfield code="0">(IDREF)027393607</subfield><subfield code="2">idref</subfield></datafield><datafield ind1=" " ind2="7" tag="650"><subfield code="a">Énergie, Bandes d' (physique)</subfield><subfield code="0">(IDREF)027828980</subfield><subfield code="2">idref</subfield></datafield><datafield ind1=" " ind2="7" tag="650"><subfield code="a">Solides</subfield><subfield code="0">(IDREF)027282589</subfield><subfield code="2">idref</subfield></datafield><datafield ind1=" " ind2="7" tag="650"><subfield code="a">ELEKTRONENZUSTÄNDE + ELEKTRONENSTRUKTUR (PHYSIK DER KONDENSIERTEN MATERIE)</subfield><subfield code="9">ger</subfield><subfield code="0">(ETHUDK)000015272</subfield><subfield code="2">ethudk</subfield></datafield><datafield ind1=" " ind2="7" tag="650"><subfield code="a">KOLLEKTIVE PHÄNOMENE (PHYSIK DER KONDENSIERTEN MATERIE)</subfield><subfield code="9">ger</subfield><subfield code="0">(ETHUDK)000015283</subfield><subfield code="2">ethudk</subfield></datafield><datafield ind1=" " ind2="7" tag="650"><subfield code="a">QUANTENZUSTAND EINES MIKROPHYSIKALISCHEN SYSTEMS (PHYSIK DER KONDENSIERTEN MATERIE)</subfield><subfield code="9">ger</subfield><subfield code="0">(ETHUDK)000015281</subfield><subfield code="2">ethudk</subfield></datafield><datafield ind1=" " ind2="7" tag="650"><subfield code="a">THEORIE DES MAGNETISMUS (ELEKTRODYNAMIK)</subfield><subfield code="9">ger</subfield><subfield code="0">(ETHUDK)000015188</subfield><subfield code="2">ethudk</subfield></datafield><datafield ind1="1" ind2=" " tag="700"><subfield code="a">Zeiger, H. J.</subfield></datafield><datafield ind1="1" ind2=" " tag="700"><subfield code="a">Pratt, G. W.</subfield></datafield><datafield ind1="1" ind2=" " tag="700"><subfield code="a">Pratt, George Woodman</subfield><subfield code="0">(IDREF)081343442</subfield></datafield><datafield ind1=" " ind2=" " tag="830"><subfield code="a">International series of monographs on physics</subfield><subfield code="w">(RERO)0097481-41slsp</subfield></datafield><datafield ind1=" " ind2=" " tag="900"><subfield code="a">REROnoselfmerge</subfield></datafield><datafield ind1=" " ind2=" " tag="900"><subfield code="a">IDSE5E08ANH-2004</subfield></datafield></record>
</metadata></record>