<record><header><identifier>oai:alma.41SLSP_UGE:991000011109705502</identifier><datestamp>2023-03-09T01:08:13Z</datestamp><setSpec>uge_bcen_RapidILL_BOOK</setSpec><setSpec>uge_aaca_RapidILL_BOOK</setSpec><setSpec>uge_abels_RapidILL_BOOK</setSpec><setSpec>uge_dbu_RapidILL_BOOK</setSpec><setSpec>uge_cmu_RapidILL_BOOK</setSpec><setSpec>uge_mail_RapidILL_BOOK</setSpec><setSpec>uge_abbat_RapidILL_BOOK</setSpec><setSpec>UNIGE_ALL</setSpec><setSpec>uge_aobs_RapidILL_BOOK</setSpec><setSpec>uge_acar_RapidILL_BOOK</setSpec></header><metadata>
<record xmlns="http://www.loc.gov/MARC21/slim" xmlns:xsi="http://www.w3.org/2001/XMLSchema-instance" xsi:schemaLocation="http://www.loc.gov/MARC21/slim http://www.loc.gov/standards/marcxml/schema/MARC21slim.xsd"><leader>01404nam a2200325 c 4500</leader><controlfield tag="001">991000011109705502</controlfield><controlfield tag="005">20230308193408.0</controlfield><controlfield tag="008">151201s2010    xxk||||| |||| 10| ||eng d</controlfield><datafield ind1=" " ind2=" " tag="035"><subfield code="a">(swissbib)122378296-41slsp_network</subfield></datafield><datafield ind1=" " ind2=" " tag="035"><subfield code="a">122378296</subfield><subfield code="9">ExL</subfield></datafield><datafield ind1=" " ind2=" " tag="035"><subfield code="a">(RERO)R008316057-41slsp</subfield></datafield><datafield ind1=" " ind2=" " tag="035"><subfield code="a">(EXLNZ-41SLSP_NETWORK)991100977469705501</subfield></datafield><datafield ind1=" " ind2=" " tag="040"><subfield code="a">RERO geussc</subfield><subfield code="d">CH-ZuSLS</subfield></datafield><datafield ind1=" " ind2="7" tag="072"><subfield code="a">ur</subfield><subfield code="2">rero</subfield></datafield><datafield ind1="0" ind2="0" tag="245"><subfield code="a">International Workshop on Environmental Thoron and Related Issues</subfield><subfield code="b">proceedings of a workshop held in Chiba, Japan, 19-22 May 2010</subfield><subfield code="c">chair Shinji Tokonami ; guest ed. Luigi Tommasino, James McLaughlin, Naomi Harley</subfield></datafield><datafield ind1=" " ind2="1" tag="264"><subfield code="a">Oxford</subfield><subfield code="b">Oxford University Press</subfield><subfield code="c">2010</subfield></datafield><datafield ind1=" " ind2=" " tag="300"><subfield code="a">P. 315-484</subfield><subfield code="b">ill.</subfield><subfield code="c">25 cm</subfield></datafield><datafield ind1=" " ind2=" " tag="336"><subfield code="b">txt</subfield><subfield code="2">rdacontent</subfield></datafield><datafield ind1=" " ind2=" " tag="337"><subfield code="b">n</subfield><subfield code="2">rdamedia</subfield></datafield><datafield ind1=" " ind2=" " tag="338"><subfield code="b">nc</subfield><subfield code="2">rdacarrier</subfield></datafield><datafield ind1="1" ind2=" " tag="490"><subfield code="a">Radiation protection dosimetry</subfield><subfield code="v">vol. 141, no. 4</subfield></datafield><datafield ind1=" " ind2=" " tag="500"><subfield code="a">No du congrès d'après la préf.</subfield></datafield><datafield ind1=" " ind2="7" tag="650"><subfield code="a">Thoron</subfield><subfield code="0">(IDREF)02778620X</subfield><subfield code="2">idref</subfield></datafield><datafield ind1=" " ind2="7" tag="650"><subfield code="a">Environnement</subfield><subfield code="0">(IDREF)027772616</subfield><subfield code="2">idref</subfield></datafield><datafield ind1=" " ind2="7" tag="650"><subfield code="a">Rayonnement de fond</subfield><subfield code="0">(IDREF)027585514</subfield><subfield code="2">idref</subfield></datafield><datafield ind1=" " ind2="7" tag="655"><subfield code="a">Actes de congrès</subfield><subfield code="0">(IDREF)02886431X</subfield><subfield code="2">idref</subfield></datafield><datafield ind1="1" ind2=" " tag="700"><subfield code="a">Tokonami, Shinji</subfield><subfield code="0">(IDREF)243994931</subfield></datafield><datafield ind1="1" ind2=" " tag="700"><subfield code="a">Tommasino, Luigi</subfield><subfield code="0">(RERO)A025874807</subfield></datafield><datafield ind1="2" ind2=" " tag="711"><subfield code="a">International Workshop on Environmental Thoron and Related Issues</subfield><subfield code="n">1</subfield><subfield code="d">2010</subfield><subfield code="c">Chiba</subfield><subfield code="0">(RERO)A025874808</subfield></datafield><datafield ind1=" " ind2=" " tag="830"><subfield code="a">Radiation protection dosimetry</subfield><subfield code="v">141,4</subfield><subfield code="w">(RERO)R254071960-41slsp</subfield></datafield><datafield ind1=" " ind2=" " tag="900"><subfield code="a">REROnoselfmerge</subfield></datafield></record>
</metadata></record>