<record><header><identifier>oai:alma.41SLSP_UGE:991000010999705502</identifier><datestamp>2024-09-28T00:24:38Z</datestamp><setSpec>uge_bcen_RapidILL_BOOK</setSpec><setSpec>uge_aaca_RapidILL_BOOK</setSpec><setSpec>uge_abels_RapidILL_BOOK</setSpec><setSpec>uge_dbu_RapidILL_BOOK</setSpec><setSpec>uge_cmu_RapidILL_BOOK</setSpec><setSpec>uge_mail_RapidILL_BOOK</setSpec><setSpec>uge_abbat_RapidILL_BOOK</setSpec><setSpec>UNIGE_ALL</setSpec><setSpec>uge_aobs_RapidILL_BOOK</setSpec><setSpec>uge_acar_RapidILL_BOOK</setSpec></header><metadata>
<record xmlns="http://www.loc.gov/MARC21/slim" xmlns:xsi="http://www.w3.org/2001/XMLSchema-instance" xsi:schemaLocation="http://www.loc.gov/MARC21/slim http://www.loc.gov/standards/marcxml/schema/MARC21slim.xsd"><leader>02666nam a22004212c 4500</leader><controlfield tag="001">991000010999705502</controlfield><controlfield tag="005">20240927180418.0</controlfield><controlfield tag="008">201011t19991999xxu||||| |||| 00| ||eng d</controlfield><datafield ind1=" " ind2=" " tag="020"><subfield code="a">0262100800</subfield><subfield code="q">alk. paper</subfield></datafield><datafield ind1=" " ind2=" " tag="035"><subfield code="a">(swissbib)224710400-41slsp_network</subfield></datafield><datafield ind1=" " ind2=" " tag="035"><subfield code="a">224710400</subfield><subfield code="9">ExL</subfield></datafield><datafield ind1=" " ind2=" " tag="035"><subfield code="a">(RERO)R258610560-41slsp</subfield></datafield><datafield ind1=" " ind2=" " tag="035"><subfield code="a">(IDSBB)002093850DSV01</subfield></datafield><datafield ind1=" " ind2=" " tag="035"><subfield code="a">(EXLNZ-41SLSP_NETWORK)991055572579705501</subfield></datafield><datafield ind1=" " ind2=" " tag="040"><subfield code="a">RERO labdfm</subfield><subfield code="d">CH-ZuSLS</subfield></datafield><datafield ind1="1" ind2=" " tag="041"><subfield code="a">eng</subfield><subfield code="h">fre</subfield></datafield><datafield ind1=" " ind2="7" tag="072"><subfield code="a">ps</subfield><subfield code="2">rero</subfield></datafield><datafield ind1=" " ind2=" " tag="084"><subfield code="a">CP 9000</subfield><subfield code="2">rvk</subfield></datafield><datafield ind1="1" ind2=" " tag="100"><subfield code="a">Jouvet, Michel</subfield><subfield code="0">(RERO)A003433381</subfield><subfield code="4">cre</subfield></datafield><datafield ind1="1" ind2="0" tag="245"><subfield code="a">&lt;&lt;The&gt;&gt; paradox of sleep</subfield><subfield code="b">the story of dreaming</subfield><subfield code="c">Michel Jouvet ; transl. by Laurence Garey</subfield></datafield><datafield ind1=" " ind2="1" tag="264"><subfield code="a">Cambridge Mass. [etc.]</subfield><subfield code="b">the MIT Press</subfield><subfield code="c">[1999]</subfield></datafield><datafield ind1=" " ind2="4" tag="264"><subfield code="c">© 1999</subfield></datafield><datafield ind1=" " ind2=" " tag="300"><subfield code="a">XIII, 211 p.</subfield><subfield code="b">ill.</subfield><subfield code="c">21 cm</subfield></datafield><datafield ind1=" " ind2=" " tag="336"><subfield code="b">txt</subfield><subfield code="2">rdacontent</subfield></datafield><datafield ind1=" " ind2=" " tag="337"><subfield code="b">n</subfield><subfield code="2">rdamedia</subfield></datafield><datafield ind1=" " ind2=" " tag="338"><subfield code="b">nc</subfield><subfield code="2">rdacarrier</subfield></datafield><datafield ind1="1" ind2=" " tag="490"><subfield code="a">A Bradford book</subfield></datafield><datafield ind1=" " ind2=" " tag="500"><subfield code="a">Originaltitel: Le sommeil et le rêve</subfield></datafield><datafield ind1=" " ind2=" " tag="500"><subfield code="a">&quot;A Bradford book.&quot;</subfield></datafield><datafield ind1="8" ind2=" " tag="520"><subfield code="a">Michel Jouvet is perhaps the world's leading sleep and dream researcher. He discovered a mysterious dream state that he called paradoxical sleep. This third category of brain activity (distinct from sleeping and waking) is a state of very deep sleep with some specific motor events, including rapid eye movements (REM). In The Paradox of Sleep, Jouvet takes the reader on a scientific and sociological tour of the history of sleep and dream research, concluding with his own ideas on the function of dreaming. Jouvet tells the story of a handful of neurobiologists, including himself, who pioneered sleep and dream research in the 1950s. He describes the technical and ideological obstacles they faced and opens his own laboratory to the reader, explaining anatomical, biochemical, and even genetic techniques. He also touches on psychological, philosophical, and metaphysical aspects of sleep and dreaming. A key section of the book is Jouvet's discussion of why we dream. After summarizing Freud's theory of dreams, he contrasts it with current neurobiological data. Finally, he outlines his own controversial theory about why we dream: to preserve our individuality. Dreaming, claims Jouvet, is necessary for the genetic reprogramming of our brain.</subfield><subfield code="5">RERO/laiuhm/03.2015</subfield></datafield><datafield ind1=" " ind2="2" tag="650"><subfield code="a">Sleep</subfield><subfield code="x">physiology</subfield></datafield><datafield ind1=" " ind2="2" tag="650"><subfield code="a">Dreams</subfield><subfield code="x">physiology</subfield></datafield><datafield ind1=" " ind2="7" tag="650"><subfield code="a">Psychophysiologie</subfield><subfield code="0">(IDREF)027241696</subfield><subfield code="2">idref</subfield></datafield><datafield ind1=" " ind2="7" tag="650"><subfield code="a">Sommeil</subfield><subfield code="0">(IDREF)027257088</subfield><subfield code="2">idref</subfield></datafield><datafield ind1=" " ind2="7" tag="650"><subfield code="a">Neurobiologie</subfield><subfield code="0">(IDREF)027423794</subfield><subfield code="2">idref</subfield></datafield><datafield ind1=" " ind2="7" tag="650"><subfield code="a">Rêves</subfield><subfield code="0">(IDREF)027242013</subfield><subfield code="2">idref</subfield></datafield><datafield ind1="1" ind2=" " tag="700"><subfield code="a">Garey, Laurence</subfield><subfield code="0">(IDREF)137453590</subfield></datafield><datafield ind1=" " ind2="0" tag="830"><subfield code="a">&lt;&lt;A&gt;&gt; Bradford book</subfield><subfield code="w">(RERO)0505227-41slsp</subfield></datafield><datafield ind1=" " ind2=" " tag="900"><subfield code="a">REROnoselfmerge</subfield></datafield></record>
</metadata></record>