<record><header><identifier>oai:alma.41SLSP_UGE:991000011309705502</identifier><datestamp>2023-03-01T01:09:13Z</datestamp><setSpec>uge_bcen_RapidILL_BOOK</setSpec><setSpec>uge_aaca_RapidILL_BOOK</setSpec><setSpec>uge_abels_RapidILL_BOOK</setSpec><setSpec>uge_dbu_RapidILL_BOOK</setSpec><setSpec>uge_cmu_RapidILL_BOOK</setSpec><setSpec>uge_mail_RapidILL_BOOK</setSpec><setSpec>UNIGE_ALL</setSpec><setSpec>uge_abbat_RapidILL_BOOK</setSpec><setSpec>uge_aobs_RapidILL_BOOK</setSpec><setSpec>uge_acar_RapidILL_BOOK</setSpec></header><metadata>
<record xmlns="http://www.loc.gov/MARC21/slim" xmlns:xsi="http://www.w3.org/2001/XMLSchema-instance" xsi:schemaLocation="http://www.loc.gov/MARC21/slim http://www.loc.gov/standards/marcxml/schema/MARC21slim.xsd"><leader>01451naa a2200325 c 4500</leader><controlfield tag="001">991000011309705502</controlfield><controlfield tag="005">20230210191246.0</controlfield><controlfield tag="008">051102s2005    sz ||||| |||| 10| ||fre d</controlfield><datafield ind1=" " ind2=" " tag="035"><subfield code="a">(swissbib)102569525-41slsp_network</subfield></datafield><datafield ind1=" " ind2=" " tag="035"><subfield code="a">102569525</subfield><subfield code="9">ExL</subfield></datafield><datafield ind1=" " ind2=" " tag="035"><subfield code="a">(RERO)R003932721-41slsp</subfield></datafield><datafield ind1=" " ind2=" " tag="035"><subfield code="a">(EXLNZ-41SLSP_NETWORK)991101917109705501</subfield></datafield><datafield ind1=" " ind2=" " tag="040"><subfield code="a">RERO geubfd</subfield><subfield code="d">CH-ZuSLS</subfield></datafield><datafield ind1="0" ind2=" " tag="041"><subfield code="a">fre</subfield><subfield code="a">ger</subfield></datafield><datafield ind1=" " ind2=" " tag="044"><subfield code="a">sz</subfield><subfield code="c">ch-be</subfield></datafield><datafield ind1=" " ind2="7" tag="072"><subfield code="a">dr</subfield><subfield code="2">rero</subfield></datafield><datafield ind1=" " ind2=" " tag="084"><subfield code="a">CB/CDN-Q 91.2 i</subfield><subfield code="2">cjurrom</subfield></datafield><datafield ind1="1" ind2=" " tag="100"><subfield code="a">Lemire, Guy</subfield><subfield code="c">juriste</subfield><subfield code="d">19..-....</subfield><subfield code="0">(IDREF)061233641</subfield><subfield code="4">cre</subfield></datafield><datafield ind1="1" ind2="0" tag="245"><subfield code="a">&lt;&lt;L'&gt;&gt;exécution des sanctions et des peines</subfield><subfield code="b">une comparaison Canada-Québec</subfield><subfield code="c">Guy Lemire</subfield></datafield><datafield ind1=" " ind2=" " tag="336"><subfield code="b">txt</subfield><subfield code="2">rdacontent</subfield></datafield><datafield ind1=" " ind2=" " tag="337"><subfield code="b">n</subfield><subfield code="2">rdamedia</subfield></datafield><datafield ind1=" " ind2=" " tag="338"><subfield code="b">nc</subfield><subfield code="2">rdacarrier</subfield></datafield><datafield ind1=" " ind2=" " tag="500"><subfield code="a">Texte en français avec résumé en français et en allemand</subfield></datafield><datafield ind1=" " ind2=" " tag="580"><subfield code="a">In: Plan individuel d'exécution des sanctions. - Berne : Stämpfli, 2005. - P. 7-18</subfield></datafield><datafield ind1=" " ind2="7" tag="650"><subfield code="a">individualisation</subfield><subfield code="0">(RERO)A010098500</subfield><subfield code="2">rerovoc</subfield></datafield><datafield ind1=" " ind2="7" tag="650"><subfield code="a">Droit pénal</subfield><subfield code="0">(IDREF)027466892</subfield><subfield code="2">idref</subfield></datafield><datafield ind1=" " ind2="7" tag="650"><subfield code="a">Exécution des peines</subfield><subfield code="0">(IDREF)027849724</subfield><subfield code="2">idref</subfield></datafield><datafield ind1=" " ind2="7" tag="650"><subfield code="a">Prisons</subfield><subfield code="0">(IDREF)027266192</subfield><subfield code="2">idref</subfield></datafield><datafield ind1=" " ind2="7" tag="651"><subfield code="a">Québec (Canada)</subfield><subfield code="0">(IDREF)085722987</subfield><subfield code="2">idref</subfield></datafield><datafield ind1="0" ind2=" " tag="773"><subfield code="t">Individuelle Vollzugsplan : Beiträge und Dokumentation der 4. Freiburger Strafvollzugstage (November 2004) = Le plan individuel d'exécution des sanctions : actes des 4èmes Journées pénitentiaires de Fribourg (novembre 2004)</subfield><subfield code="g">7</subfield><subfield code="w">(RERO)R003932663-41slsp</subfield></datafield><datafield ind1=" " ind2=" " tag="900"><subfield code="a">REROnoselfmerge</subfield></datafield></record>
</metadata></record>