<record><header><identifier>oai:alma.41SLSP_UGE:991000011099705502</identifier><datestamp>2023-04-10T00:46:25Z</datestamp><setSpec>uge_bcen_RapidILL_BOOK</setSpec><setSpec>uge_aaca_RapidILL_BOOK</setSpec><setSpec>uge_abels_RapidILL_BOOK</setSpec><setSpec>uge_dbu_RapidILL_BOOK</setSpec><setSpec>uge_cmu_RapidILL_BOOK</setSpec><setSpec>uge_mail_RapidILL_BOOK</setSpec><setSpec>uge_abbat_RapidILL_BOOK</setSpec><setSpec>UNIGE_ALL</setSpec><setSpec>uge_aobs_RapidILL_BOOK</setSpec><setSpec>uge_acar_RapidILL_BOOK</setSpec></header><metadata>
<record xmlns="http://www.loc.gov/MARC21/slim" xmlns:xsi="http://www.w3.org/2001/XMLSchema-instance" xsi:schemaLocation="http://www.loc.gov/MARC21/slim http://www.loc.gov/standards/marcxml/schema/MARC21slim.xsd"><leader>01836nam a2200469 c 4500</leader><controlfield tag="001">991000011099705502</controlfield><controlfield tag="005">20230409171129.0</controlfield><controlfield tag="007">c| |||||||||||</controlfield><controlfield tag="008">201012s2004    gw ||||| m||| 00| ||ger d</controlfield><datafield ind1=" " ind2=" " tag="020"><subfield code="a">3929290294</subfield></datafield><datafield ind1=" " ind2=" " tag="035"><subfield code="a">(swissbib)235395455-41slsp_network</subfield></datafield><datafield ind1=" " ind2=" " tag="035"><subfield code="a">235395455</subfield><subfield code="9">ExL</subfield></datafield><datafield ind1=" " ind2=" " tag="035"><subfield code="a">(RERO)R007628853-41slsp</subfield></datafield><datafield ind1=" " ind2=" " tag="035"><subfield code="a">(NEBIS)004985260EBI01</subfield></datafield><datafield ind1=" " ind2=" " tag="035"><subfield code="a">(EXLNZ-41SLSP_NETWORK)991077659909705501</subfield></datafield><datafield ind1=" " ind2=" " tag="040"><subfield code="a">SzZuIDS NEBIS ZBZ</subfield><subfield code="d">CH-ZuSLS</subfield></datafield><datafield ind1=" " ind2="7" tag="072"><subfield code="a">ar</subfield><subfield code="2">rero</subfield></datafield><datafield ind1="1" ind2=" " tag="100"><subfield code="a">Linstädter, Jörg</subfield><subfield code="0">(IDREF)115379916</subfield><subfield code="4">cre</subfield></datafield><datafield ind1="1" ind2="0" tag="245"><subfield code="a">Zum Frühneolithikum des westlichen Mittelmeerraums</subfield><subfield code="b">die Keramik der Fundstelle Hassi Ouenzga</subfield><subfield code="c">Jörg Linstädter</subfield></datafield><datafield ind1=" " ind2="1" tag="264"><subfield code="a">Aachen</subfield><subfield code="b">Linden Soft</subfield><subfield code="c">2004</subfield></datafield><datafield ind1=" " ind2=" " tag="300"><subfield code="a">188 S.</subfield><subfield code="b">Ill.</subfield><subfield code="e">1 CD-ROM (Anhänge)</subfield></datafield><datafield ind1="1" ind2=" " tag="490"><subfield code="a">AVA-Forschungen</subfield><subfield code="v">Band 9</subfield></datafield><datafield ind1=" " ind2=" " tag="502"><subfield code="a">Diss., Univ. Köln, 2003</subfield></datafield><datafield ind1=" " ind2="7" tag="650"><subfield code="a">Céramique préhistorique</subfield><subfield code="0">(IDREF)027283410</subfield><subfield code="2">idref</subfield></datafield><datafield ind1=" " ind2="7" tag="650"><subfield code="a">Néolithique ancien</subfield><subfield code="0">(IDREF)035569867</subfield><subfield code="2">idref</subfield></datafield><datafield ind1=" " ind2="7" tag="650"><subfield code="a">Funde</subfield><subfield code="2">idszbz</subfield></datafield><datafield ind1=" " ind2="7" tag="650"><subfield code="a">Neolithikum</subfield><subfield code="2">idszbz</subfield></datafield><datafield ind1=" " ind2="7" tag="650"><subfield code="a">Keramik</subfield><subfield code="2">idszbz</subfield></datafield><datafield ind1=" " ind2="7" tag="650"><subfield code="a">Frühneolithikum</subfield><subfield code="0">(DE-588)4366955-4</subfield><subfield code="2">gnd</subfield></datafield><datafield ind1=" " ind2="7" tag="650"><subfield code="a">Funde</subfield><subfield code="0">(DE-588)4071507-3</subfield><subfield code="2">gnd</subfield></datafield><datafield ind1=" " ind2="7" tag="650"><subfield code="a">Keramik</subfield><subfield code="0">(DE-588)4030270-2</subfield><subfield code="2">gnd</subfield></datafield><datafield ind1=" " ind2="0" tag="650"><subfield code="a">Excavations (Archaeology)</subfield><subfield code="z">Morocco</subfield><subfield code="z">Hassi Ouenzga</subfield></datafield><datafield ind1=" " ind2="0" tag="650"><subfield code="a">Neolithic period</subfield><subfield code="z">Morocco</subfield><subfield code="z">Hassi Ouenzga</subfield></datafield><datafield ind1=" " ind2="0" tag="650"><subfield code="a">Pottery, Prehistoric</subfield><subfield code="z">Morocco</subfield><subfield code="z">Hassi Ouenzga</subfield></datafield><datafield ind1=" " ind2="7" tag="651"><subfield code="a">Maroc</subfield><subfield code="0">(IDREF)027263711</subfield><subfield code="2">idref</subfield></datafield><datafield ind1=" " ind2="7" tag="651"><subfield code="a">Hassi Ouenzga</subfield><subfield code="2">idszbz</subfield></datafield><datafield ind1=" " ind2="7" tag="651"><subfield code="a">Marokko</subfield><subfield code="2">idszbz</subfield></datafield><datafield ind1=" " ind2="7" tag="651"><subfield code="a">Hassi Ouenzga</subfield><subfield code="0">(DE-588)4827520-7</subfield><subfield code="2">gnd</subfield></datafield><datafield ind1=" " ind2="0" tag="651"><subfield code="a">Hassi Ouenzga (Morocco)</subfield><subfield code="x">Antiquities</subfield></datafield><datafield ind1=" " ind2="7" tag="655"><subfield code="a">Hochschulschrift</subfield><subfield code="2">gnd-content</subfield></datafield><datafield ind1=" " ind2="0" tag="830"><subfield code="a">Forschungen zur allgemeinen und vergleichenden Archäologie</subfield><subfield code="v">9</subfield><subfield code="w">(NEBIS)001111215EBI01</subfield></datafield><datafield ind1=" " ind2=" " tag="900"><subfield code="a">REROnoselfmerge</subfield></datafield><datafield ind1=" " ind2=" " tag="900"><subfield code="a">IDSZ2zbzmon200506e</subfield><subfield code="c">IDSZ2kuns</subfield><subfield code="d">IDSZ2zbzswk200506b</subfield><subfield code="e">IDSZ2brue</subfield></datafield></record>
</metadata></record>