<record><header><identifier>oai:alma.41SLSP_UGE:991000010809705502</identifier><datestamp>2023-03-01T01:09:13Z</datestamp><setSpec>uge_bcen_RapidILL_BOOK</setSpec><setSpec>uge_aaca_RapidILL_BOOK</setSpec><setSpec>uge_abels_RapidILL_BOOK</setSpec><setSpec>uge_dbu_RapidILL_BOOK</setSpec><setSpec>uge_cmu_RapidILL_BOOK</setSpec><setSpec>uge_mail_RapidILL_BOOK</setSpec><setSpec>UNIGE_ALL</setSpec><setSpec>uge_abbat_RapidILL_BOOK</setSpec><setSpec>uge_aobs_RapidILL_BOOK</setSpec><setSpec>uge_acar_RapidILL_BOOK</setSpec></header><metadata>
<record xmlns="http://www.loc.gov/MARC21/slim" xmlns:xsi="http://www.w3.org/2001/XMLSchema-instance" xsi:schemaLocation="http://www.loc.gov/MARC21/slim http://www.loc.gov/standards/marcxml/schema/MARC21slim.xsd"><leader>01257nam a22003132c 4500</leader><controlfield tag="001">991000010809705502</controlfield><controlfield tag="005">20210206210940.0</controlfield><controlfield tag="008">110207s2009    fr ||||| |||| 00| ||fre d</controlfield><datafield ind1=" " ind2=" " tag="020"><subfield code="a">9782354100087</subfield></datafield><datafield ind1=" " ind2=" " tag="035"><subfield code="a">(swissbib)112937799-41slsp_network</subfield></datafield><datafield ind1=" " ind2=" " tag="035"><subfield code="a">112937799</subfield><subfield code="9">ExL</subfield></datafield><datafield ind1=" " ind2=" " tag="035"><subfield code="a">(RERO)R005922150-41slsp</subfield></datafield><datafield ind1=" " ind2=" " tag="035"><subfield code="a">(EXLNZ-41SLSP_NETWORK)991040006449705501</subfield></datafield><datafield ind1=" " ind2=" " tag="040"><subfield code="a">ZWZ</subfield><subfield code="d">CH-ZuSLS</subfield></datafield><datafield ind1="0" ind2=" " tag="041"><subfield code="a">fre</subfield><subfield code="a">ger</subfield></datafield><datafield ind1=" " ind2="7" tag="072"><subfield code="a">al</subfield><subfield code="2">rero</subfield></datafield><datafield ind1="0" ind2="0" tag="245"><subfield code="a">Capitales culturelles et Europe du Nord</subfield><subfield code="c">textes réunis par Sylvain Briens &amp; Thomas Mohnike = Kulturhauptstädte Nordeuropas / herausgegeben von Sylvain Briens &amp; Thomas Mohnike</subfield></datafield><datafield ind1="1" ind2=" " tag="246"><subfield code="a">Kulturhauptstädte Nordeuropas</subfield></datafield><datafield ind1=" " ind2="1" tag="264"><subfield code="a">Strasbourg</subfield><subfield code="b">Université de Strasbourg, Départements d'études néerlandaises et scandinaves</subfield><subfield code="c">2009</subfield></datafield><datafield ind1=" " ind2=" " tag="300"><subfield code="a">1 vol. (201 p.)</subfield><subfield code="b">ill.</subfield><subfield code="c">24 cm</subfield></datafield><datafield ind1=" " ind2=" " tag="336"><subfield code="b">txt</subfield><subfield code="2">rdacontent</subfield></datafield><datafield ind1=" " ind2=" " tag="337"><subfield code="b">n</subfield><subfield code="2">rdamedia</subfield></datafield><datafield ind1=" " ind2=" " tag="338"><subfield code="b">nc</subfield><subfield code="2">rdacarrier</subfield></datafield><datafield ind1="1" ind2=" " tag="490"><subfield code="a">Deshima : revue française des mondes néerlandophones. Hors série</subfield><subfield code="v">1</subfield></datafield><datafield ind1=" " ind2=" " tag="500"><subfield code="a">Textes en français et en allemand, résumés en anglais</subfield></datafield><datafield ind1="1" ind2=" " tag="700"><subfield code="a">Briens, Sylvain</subfield><subfield code="0">(RERO)A018009699</subfield></datafield><datafield ind1="1" ind2=" " tag="700"><subfield code="a">Mohnike, Thomas</subfield><subfield code="d">1974-....</subfield><subfield code="0">(IDREF)131243128</subfield></datafield><datafield ind1=" " ind2="0" tag="830"><subfield code="a">Deshima</subfield><subfield code="v">HS 1</subfield><subfield code="w">(RERO)R005348280-41slsp</subfield></datafield><datafield ind1=" " ind2=" " tag="900"><subfield code="a">REROnoselfmerge</subfield></datafield><datafield ind1=" " ind2=" " tag="910"><subfield code="a">OCoLC</subfield><subfield code="b">20110207</subfield><subfield code="c">Droits réservés</subfield></datafield><datafield ind1=" " ind2=" " tag="961"><subfield code="2">gsi</subfield><subfield code="a">351.85</subfield><subfield code="9">LOCAL</subfield></datafield></record>
</metadata></record>