<record><header><identifier>oai:alma.41SLSP_UGE:991000011119705502</identifier><datestamp>2023-03-01T01:09:13Z</datestamp><setSpec>uge_cmu_RapidILL_JOURNAL</setSpec><setSpec>uge_aobs_RapidILL_JOURNAL</setSpec><setSpec>uge_aaca_RapidILL_JOURNAL</setSpec><setSpec>uge_bcen_RapidILL_JOURNAL</setSpec><setSpec>uge_abbat_RapidILL_JOURNAL</setSpec><setSpec>uge_mail_RapidILL_JOURNAL</setSpec><setSpec>uge_dbu_RapidILL_JOURNAL</setSpec><setSpec>UNIGE_ALL</setSpec><setSpec>uge_abels_RapidILL_JOURNAL</setSpec><setSpec>uge_acar_RapidILL_JOURNAL</setSpec></header><metadata>
<record xmlns="http://www.loc.gov/MARC21/slim" xmlns:xsi="http://www.w3.org/2001/XMLSchema-instance" xsi:schemaLocation="http://www.loc.gov/MARC21/slim http://www.loc.gov/standards/marcxml/schema/MARC21slim.xsd"><leader>01637nas a2200445 c 4500</leader><controlfield tag="001">991000011119705502</controlfield><controlfield tag="005">20230210175556.0</controlfield><controlfield tag="008">201012c19999999fr || p|  ||| 0    0fre d</controlfield><datafield ind1=" " ind2=" " tag="022"><subfield code="a">1280-4215</subfield></datafield><datafield ind1=" " ind2=" " tag="035"><subfield code="a">(swissbib)237781182-41slsp_network</subfield></datafield><datafield ind1=" " ind2=" " tag="035"><subfield code="a">237781182</subfield><subfield code="9">ExL</subfield></datafield><datafield ind1=" " ind2=" " tag="035"><subfield code="a">(RERO)R267236060-41slsp</subfield></datafield><datafield ind1=" " ind2=" " tag="035"><subfield code="a">(IDSBB)005715693DSV01</subfield></datafield><datafield ind1=" " ind2=" " tag="035"><subfield code="a">(NEBIS)010862701EBI01</subfield></datafield><datafield ind1=" " ind2=" " tag="035"><subfield code="a">(EXLNZ-41SLSP_NETWORK)991113840469705501</subfield></datafield><datafield ind1=" " ind2=" " tag="040"><subfield code="a">RERO labcud</subfield><subfield code="d">CH-ZuSLS</subfield></datafield><datafield ind1=" " ind2="7" tag="072"><subfield code="a">ht</subfield><subfield code="2">rero</subfield></datafield><datafield ind1=" " ind2="7" tag="072"><subfield code="a">et</subfield><subfield code="2">SzZuIDS BS/BE</subfield></datafield><datafield ind1="0" ind2="0" tag="245"><subfield code="a">Cahiers des Anneaux de la mémoire</subfield><subfield code="b">Europe, Afrique, Amérique : revue annuelle</subfield><subfield code="c">publ. par l'Association les Anneaux de la mémoire de Nantes et l'Unesco</subfield></datafield><datafield ind1=" " ind2="1" tag="264"><subfield code="a">Nantes</subfield><subfield code="b">Les Anneaux de la mémoire</subfield><subfield code="a">Paris</subfield><subfield code="b">UNESCO</subfield></datafield><datafield ind1=" " ind2=" " tag="300"><subfield code="c">24 cm</subfield></datafield><datafield ind1=" " ind2=" " tag="310"><subfield code="a">Annuel</subfield></datafield><datafield ind1=" " ind2=" " tag="336"><subfield code="b">txt</subfield><subfield code="2">rdacontent</subfield></datafield><datafield ind1=" " ind2=" " tag="337"><subfield code="b">n</subfield><subfield code="2">rdamedia</subfield></datafield><datafield ind1=" " ind2=" " tag="338"><subfield code="b">nc</subfield><subfield code="2">rdacarrier</subfield></datafield><datafield ind1="0" ind2=" " tag="362"><subfield code="a">No 1 (1999)-</subfield></datafield><datafield ind1=" " ind2="7" tag="650"><subfield code="a">Esclavage</subfield><subfield code="0">(IDREF)027224295</subfield><subfield code="2">idref</subfield></datafield><datafield ind1=" " ind2="7" tag="650"><subfield code="a">Commerce</subfield><subfield code="0">(IDREF)02773563X</subfield><subfield code="2">idref</subfield></datafield><datafield ind1=" " ind2="7" tag="650"><subfield code="a">Esclaves</subfield><subfield code="0">(IDREF)027224317</subfield><subfield code="2">idref</subfield></datafield><datafield ind1=" " ind2="7" tag="650"><subfield code="a">Traite des esclaves</subfield><subfield code="0">(IDREF)027344762</subfield><subfield code="2">idref</subfield></datafield><datafield ind1=" " ind2="7" tag="651"><subfield code="a">Atlantique (région)</subfield><subfield code="0">(IDREF)032317670</subfield><subfield code="2">idref</subfield></datafield><datafield ind1=" " ind2="7" tag="655"><subfield code="a">Périodiques</subfield><subfield code="0">(IDREF)02724640X</subfield><subfield code="2">idref</subfield></datafield><datafield ind1=" " ind2="7" tag="655"><subfield code="a">Zeitschrift</subfield><subfield code="2">gnd-content</subfield></datafield><datafield ind1=" " ind2=" " tag="691"><subfield code="e">567.a</subfield><subfield code="a">Slavery</subfield><subfield code="2">ubs-FG</subfield></datafield><datafield ind1="2" ind2=" " tag="710"><subfield code="a">Anneaux de la Mémoire</subfield><subfield code="g">Nantes</subfield><subfield code="0">(DE-588)3049441-2</subfield></datafield><datafield ind1="2" ind2=" " tag="710"><subfield code="a">Les Anneaux de la mémoire</subfield><subfield code="g">Nantes</subfield><subfield code="0">(IDREF)031803032</subfield></datafield><datafield ind1="2" ind2=" " tag="710"><subfield code="6">880-03</subfield><subfield code="a">Unesco</subfield><subfield code="0">(IDREF)026402696</subfield></datafield><datafield ind1="2" ind2=" " tag="880"><subfield code="a">UNESCO</subfield><subfield code="0">(DE-588)2023755-8</subfield><subfield code="6">710-03</subfield></datafield><datafield ind1=" " ind2=" " tag="900"><subfield code="a">REROnoselfmerge</subfield></datafield><datafield ind1=" " ind2=" " tag="900"><subfield code="a">IDSZ2zbzzss201703p</subfield><subfield code="c">IDSZ2ambs</subfield></datafield><datafield ind1=" " ind2=" " tag="900"><subfield code="a">NEBISnoselfmerge</subfield></datafield></record>
</metadata></record>