<record><header><identifier>oai:alma.41SLSP_UGE:991000010719705502</identifier><datestamp>2024-10-24T00:06:57Z</datestamp><setSpec>uge_bcen_RapidILL_BOOK</setSpec><setSpec>uge_aaca_RapidILL_BOOK</setSpec><setSpec>uge_abels_RapidILL_BOOK</setSpec><setSpec>uge_dbu_RapidILL_BOOK</setSpec><setSpec>uge_cmu_RapidILL_BOOK</setSpec><setSpec>uge_mail_RapidILL_BOOK</setSpec><setSpec>uge_abbat_RapidILL_BOOK</setSpec><setSpec>UNIGE_ALL</setSpec><setSpec>uge_acar_RapidILL_BOOK</setSpec><setSpec>uge_aobs_RapidILL_BOOK</setSpec></header><metadata>
<record xmlns="http://www.loc.gov/MARC21/slim" xmlns:xsi="http://www.w3.org/2001/XMLSchema-instance" xsi:schemaLocation="http://www.loc.gov/MARC21/slim http://www.loc.gov/standards/marcxml/schema/MARC21slim.xsd"><leader>02620nam a2200445 c 4500</leader><controlfield tag="001">991000010719705502</controlfield><controlfield tag="005">20241023100146.0</controlfield><controlfield tag="008">170404s2017    it ||||| |||| 00| ||ita d</controlfield><datafield ind1=" " ind2=" " tag="020"><subfield code="a">9788898777440</subfield><subfield code="c">€ 15.-</subfield><subfield code="q">kartoniert</subfield></datafield><datafield ind1=" " ind2=" " tag="035"><subfield code="a">(swissbib)123760860-41slsp_network</subfield></datafield><datafield ind1=" " ind2=" " tag="035"><subfield code="a">123760860</subfield><subfield code="9">ExL</subfield></datafield><datafield ind1=" " ind2=" " tag="035"><subfield code="a">(RERO)R008625329-41slsp</subfield></datafield><datafield ind1=" " ind2=" " tag="035"><subfield code="a">(EXLNZ-41SLSP_NETWORK)991001248929705501</subfield></datafield><datafield ind1=" " ind2=" " tag="040"><subfield code="a">RERO geulha</subfield><subfield code="b">ger</subfield><subfield code="e">rda</subfield><subfield code="d">CH-ZuSLS</subfield><subfield code="d">CH-ZuSLS UZB UARCH</subfield></datafield><datafield ind1=" " ind2="7" tag="072"><subfield code="a">at</subfield><subfield code="2">rero</subfield></datafield><datafield ind1="0" ind2=" " tag="082"><subfield code="a">728</subfield><subfield code="2">14</subfield></datafield><datafield ind1="0" ind2=" " tag="082"><subfield code="a">758</subfield><subfield code="2">14</subfield></datafield><datafield ind1=" " ind2=" " tag="084"><subfield code="a">LN 80662</subfield><subfield code="2">rvk</subfield></datafield><datafield ind1="1" ind2=" " tag="100"><subfield code="6">880-01</subfield><subfield code="a">Noto, Vittorio</subfield><subfield code="d">1941-....</subfield><subfield code="0">(IDREF)251247775</subfield><subfield code="4">aut</subfield></datafield><datafield ind1="1" ind2=" " tag="880"><subfield code="6">100-01/(B</subfield><subfield code="a">Noto, Vittorio</subfield><subfield code="d">1941-</subfield><subfield code="4">aut</subfield><subfield code="0">(DE-588)188430334</subfield></datafield><datafield ind1="1" ind2="0" tag="245"><subfield code="a">Palazzi e giardini dei Re normanni di Sicilia</subfield><subfield code="c">Vittorio Noto</subfield></datafield><datafield ind1=" " ind2="1" tag="264"><subfield code="a">Palermo</subfield><subfield code="b">Kalós</subfield><subfield code="c">2017</subfield></datafield><datafield ind1=" " ind2=" " tag="300"><subfield code="a">127 Seiten</subfield><subfield code="b">Illustrationen</subfield><subfield code="c">24 cm</subfield></datafield><datafield ind1=" " ind2=" " tag="336"><subfield code="b">txt</subfield><subfield code="2">rdacontent</subfield></datafield><datafield ind1=" " ind2=" " tag="337"><subfield code="b">n</subfield><subfield code="2">rdamedia</subfield></datafield><datafield ind1=" " ind2=" " tag="338"><subfield code="b">nc</subfield><subfield code="2">rdacarrier</subfield></datafield><datafield ind1="0" ind2=" " tag="490"><subfield code="a">Itinerari d'arte</subfield></datafield><datafield ind1="0" ind2=" " tag="505"><subfield code="a">Introduzione. - Il Palazzo prima dei normanni nella &quot;paleapolis&quot; inespugnabile. - Le torri fantasma e i cronisti filo-normanni. - Gli usi costruttivi dei normanni. - Arte e tecnica bizantina. - Il geniale modulo bizantino nei &quot;donjons&quot; normanni dei Re di Sicilia. - La Cappella Palatina, simbolo di una koinè euromediterranea. - Archi e cupole : capolavori geometrici. - Gli arabi in Sicilia : nomadi o architetti ? - Il paradosso architettonico siciliano. - I palazzi delle mille e una notte. - La Cattedrale e i palazzi del Re progettati con il compasso e l'algebra. - I palazzi e i giardini del paradiso. - La splendida Zisa : crollo e ricostruzione. - La misteriosa Cuba. - Pianura &quot;famosa, beata e celebrata per tutti i secoli&quot;. - Scene di caccia alla corte di Palermo. - Una reggia cosmopolita nell'&quot;Isola senza crociati&quot;. - Un eclettico ammiraglio bizantino per l'architettura siciliana. - Quando il Palazzo divenne una Reggia celebrata da Dante</subfield></datafield><datafield ind1=" " ind2="7" tag="648"><subfield code="a">Geschichte 1000-1200</subfield><subfield code="2">gnd</subfield></datafield><datafield ind1=" " ind2="7" tag="650"><subfield code="a">Garten</subfield><subfield code="0">(DE-588)4019286-6</subfield><subfield code="2">gnd</subfield></datafield><datafield ind1=" " ind2="7" tag="650"><subfield code="a">Normannen</subfield><subfield code="0">(DE-588)4042620-8</subfield><subfield code="2">gnd</subfield></datafield><datafield ind1=" " ind2="7" tag="650"><subfield code="a">Palast</subfield><subfield code="0">(DE-588)4044394-2</subfield><subfield code="2">gnd</subfield></datafield><datafield ind1=" " ind2="7" tag="651"><subfield code="a">Sizilien</subfield><subfield code="0">(DE-588)4055193-3</subfield><subfield code="2">gnd</subfield></datafield><datafield ind1=" " ind2="7" tag="650"><subfield code="a">Palais</subfield><subfield code="0">(IDREF)027304930</subfield><subfield code="2">idref</subfield></datafield><datafield ind1=" " ind2="7" tag="650"><subfield code="a">Jardins</subfield><subfield code="0">(IDREF)027295605</subfield><subfield code="2">idref</subfield></datafield><datafield ind1=" " ind2="7" tag="650"><subfield code="a">12e siècle</subfield><subfield code="0">(IDREF)028021444</subfield><subfield code="2">idref</subfield></datafield><datafield ind1=" " ind2="7" tag="651"><subfield code="a">Royaume normand</subfield><subfield code="0">(RERO)A010025674</subfield><subfield code="2">rero</subfield></datafield><datafield ind1=" " ind2="7" tag="651"><subfield code="a">Sicile (Italie)</subfield><subfield code="0">(IDREF)027251551</subfield><subfield code="2">idref</subfield></datafield><datafield ind1="4" ind2="2" tag="856"><subfield code="3">Titelblatt und Inhaltsverzeichnis</subfield><subfield code="q">PDF</subfield><subfield code="u">https://urn.ub.unibe.ch/urn:ch:slsp:zbz:9788898777440:ihv:pdf</subfield></datafield><datafield ind1=" " ind2=" " tag="900"><subfield code="a">REROnoselfmerge</subfield></datafield><datafield ind1=" " ind2=" " tag="949"><subfield code="a">https://urn.ub.unibe.ch/urn:ch:slsp:zbz:9788898777440:ihv:pdf</subfield></datafield><datafield ind1=" " ind2=" " tag="993"><subfield code="a">BFLA 276365</subfield><subfield code="x">ge/ulha/a/17/0515</subfield><subfield code="9">LOCAL</subfield></datafield></record>
</metadata></record>