<record><header><identifier>oai:alma.41SLSP_UGE:991000010299705502</identifier><datestamp>2023-04-01T00:11:01Z</datestamp><setSpec>uge_bcen_RapidILL_BOOK</setSpec><setSpec>uge_aaca_RapidILL_BOOK</setSpec><setSpec>uge_abels_RapidILL_BOOK</setSpec><setSpec>uge_dbu_RapidILL_BOOK</setSpec><setSpec>uge_cmu_RapidILL_BOOK</setSpec><setSpec>uge_mail_RapidILL_BOOK</setSpec><setSpec>uge_abbat_RapidILL_BOOK</setSpec><setSpec>UNIGE_ALL</setSpec><setSpec>uge_acar_RapidILL_BOOK</setSpec><setSpec>uge_aobs_RapidILL_BOOK</setSpec></header><metadata>
<record xmlns="http://www.loc.gov/MARC21/slim" xmlns:xsi="http://www.w3.org/2001/XMLSchema-instance" xsi:schemaLocation="http://www.loc.gov/MARC21/slim http://www.loc.gov/standards/marcxml/schema/MARC21slim.xsd"><leader>01564naa a2200349 c 4500</leader><controlfield tag="001">991000010299705502</controlfield><controlfield tag="005">20230331211746.0</controlfield><controlfield tag="008">040922s2002    lu ||||| |||| 00| ||fre d</controlfield><datafield ind1=" " ind2=" " tag="035"><subfield code="a">(swissbib)101044887-41slsp_network</subfield></datafield><datafield ind1=" " ind2=" " tag="035"><subfield code="a">101044887</subfield><subfield code="9">ExL</subfield></datafield><datafield ind1=" " ind2=" " tag="035"><subfield code="a">(RERO)R003707835-41slsp</subfield></datafield><datafield ind1=" " ind2=" " tag="035"><subfield code="a">(EXLNZ-41SLSP_NETWORK)991063644779705501</subfield></datafield><datafield ind1=" " ind2=" " tag="040"><subfield code="a">RERO geubfd</subfield><subfield code="d">CH-ZuSLS</subfield></datafield><datafield ind1=" " ind2="7" tag="072"><subfield code="a">dr</subfield><subfield code="2">rero</subfield></datafield><datafield ind1=" " ind2=" " tag="084"><subfield code="a">CA/L 97.3 b</subfield><subfield code="2">cjurrom</subfield></datafield><datafield ind1="0" ind2="0" tag="245"><subfield code="a">Recueil de la législation sur les procédures collectives</subfield><subfield code="b">faillite, sursis de paiement, concordat préventif, gestion contrôlée, surendettement</subfield><subfield code="c">recueil réalisé par le Service central de législation ; avec le concours de André Prüm, Franck Merkling</subfield></datafield><datafield ind1=" " ind2="1" tag="264"><subfield code="a">Luxembourg</subfield><subfield code="b">Service central de législation</subfield><subfield code="c">2002</subfield></datafield><datafield ind1=" " ind2=" " tag="300"><subfield code="a">206 p.</subfield><subfield code="c">30 cm</subfield></datafield><datafield ind1=" " ind2=" " tag="336"><subfield code="b">txt</subfield><subfield code="2">rdacontent</subfield></datafield><datafield ind1=" " ind2=" " tag="337"><subfield code="b">n</subfield><subfield code="2">rdamedia</subfield></datafield><datafield ind1=" " ind2=" " tag="338"><subfield code="b">nc</subfield><subfield code="2">rdacarrier</subfield></datafield><datafield ind1="1" ind2=" " tag="490"><subfield code="a">Les recueils de législation</subfield></datafield><datafield ind1=" " ind2=" " tag="500"><subfield code="a">Législation à jour au 28 février 2002</subfield></datafield><datafield ind1=" " ind2="7" tag="650"><subfield code="a">Faillite</subfield><subfield code="0">(IDREF)027606236</subfield><subfield code="2">idref</subfield></datafield><datafield ind1=" " ind2="7" tag="650"><subfield code="a">Procédure civile</subfield><subfield code="0">(IDREF)028941314</subfield><subfield code="2">idref</subfield></datafield><datafield ind1=" " ind2="7" tag="650"><subfield code="a">Surendettement</subfield><subfield code="0">(IDREF)030512514</subfield><subfield code="2">idref</subfield></datafield><datafield ind1=" " ind2="7" tag="651"><subfield code="a">Luxembourg</subfield><subfield code="0">(IDREF)027810674</subfield><subfield code="2">idref</subfield></datafield><datafield ind1=" " ind2="7" tag="655"><subfield code="a">[texte législatif]</subfield><subfield code="2">rerovoc</subfield><subfield code="0">(RERO)A009950157</subfield></datafield><datafield ind1="1" ind2=" " tag="700"><subfield code="a">Prüm, André</subfield><subfield code="d">1961-</subfield><subfield code="0">(RERO)A027182210</subfield></datafield><datafield ind1="1" ind2=" " tag="710"><subfield code="a">Luxembourg</subfield><subfield code="g">Grand-duché</subfield><subfield code="b">Service central de législation</subfield><subfield code="0">(IDREF)027910954</subfield></datafield><datafield ind1="1" ind2="2" tag="710"><subfield code="a">Luxembourg (Grand-Duché)</subfield><subfield code="t">Lois et arrêtés</subfield></datafield><datafield ind1=" " ind2=" " tag="830"><subfield code="a">&lt;&lt;Les&gt;&gt; recueils de législation / Service central de législation</subfield><subfield code="w">(RERO)R003070528-41slsp</subfield></datafield><datafield ind1=" " ind2=" " tag="900"><subfield code="a">REROnoselfmerge</subfield></datafield></record>
</metadata></record>