<record><header><identifier>oai:alma.41SLSP_UGE:991000010609705502</identifier><datestamp>2023-03-01T01:09:13Z</datestamp><setSpec>UNIGE_ALL</setSpec></header><metadata>
<record xmlns="http://www.loc.gov/MARC21/slim" xmlns:xsi="http://www.w3.org/2001/XMLSchema-instance" xsi:schemaLocation="http://www.loc.gov/MARC21/slim http://www.loc.gov/standards/marcxml/schema/MARC21slim.xsd"><leader>01013njm a22003017c 4500</leader><controlfield tag="001">991000010609705502</controlfield><controlfield tag="005">20211129210334.0</controlfield><controlfield tag="007">sd b||||||||||</controlfield><controlfield tag="008">110122s1974    gw ||n |            ger d</controlfield><datafield ind1="0" ind2="2" tag="028"><subfield code="a">ex libris EL 46682</subfield></datafield><datafield ind1=" " ind2=" " tag="035"><subfield code="a">(swissbib)113550561-41slsp_network</subfield></datafield><datafield ind1=" " ind2=" " tag="035"><subfield code="a">113550561</subfield><subfield code="9">ExL</subfield></datafield><datafield ind1=" " ind2=" " tag="035"><subfield code="a">(RERO)R006019968-41slsp</subfield></datafield><datafield ind1=" " ind2=" " tag="035"><subfield code="a">(EXLNZ-41SLSP_NETWORK)991128552169705501</subfield></datafield><datafield ind1=" " ind2=" " tag="040"><subfield code="a">RERO geulmu</subfield><subfield code="d">CH-ZuSLS</subfield></datafield><datafield ind1=" " ind2="7" tag="072"><subfield code="a">mu</subfield><subfield code="2">rero</subfield></datafield><datafield ind1="0" ind2="0" tag="245"><subfield code="a">&lt;&lt;Die&gt;&gt; Orgel</subfield><subfield code="c">Johann Baptist Vanhal, Antonio Salieri, Carl Heinrich Graun</subfield></datafield><datafield ind1=" " ind2="1" tag="264"><subfield code="a">Düsseldorf</subfield><subfield code="b">[éditeur non identifié]</subfield><subfield code="c">1974</subfield></datafield><datafield ind1=" " ind2=" " tag="300"><subfield code="a">1 disque sonore</subfield><subfield code="b">33 t.</subfield></datafield><datafield ind1=" " ind2=" " tag="336"><subfield code="b">prm</subfield><subfield code="2">rdacontent</subfield></datafield><datafield ind1=" " ind2=" " tag="337"><subfield code="b">s</subfield><subfield code="2">rdamedia</subfield></datafield><datafield ind1=" " ind2=" " tag="338"><subfield code="b">sd</subfield><subfield code="2">rdacarrier</subfield></datafield><datafield ind1="0" ind2=" " tag="490"><subfield code="a">Die Orgel</subfield></datafield><datafield ind1="1" ind2=" " tag="700"><subfield code="a">Graun, Carl Heinrich</subfield><subfield code="0">(RERO)A003315708</subfield></datafield><datafield ind1="1" ind2=" " tag="700"><subfield code="a">Haselböck, Franz</subfield><subfield code="d">1939-</subfield><subfield code="0">(RERO)A003351680</subfield></datafield><datafield ind1="1" ind2=" " tag="700"><subfield code="a">Hinreiner, Ernst</subfield><subfield code="0">(RERO)A003373241</subfield></datafield><datafield ind1="1" ind2=" " tag="700"><subfield code="a">Salieri, Antonio</subfield><subfield code="d">1750-1825</subfield><subfield code="0">(IDREF)035604808</subfield></datafield><datafield ind1="1" ind2=" " tag="700"><subfield code="a">Vanhal, Johann Baptist</subfield><subfield code="d">1739-1813</subfield><subfield code="0">(IDREF)080734669</subfield></datafield><datafield ind1=" " ind2=" " tag="900"><subfield code="a">REROnoselfmerge</subfield></datafield><datafield ind1=" " ind2=" " tag="960"><subfield code="2">matmu</subfield><subfield code="a">Bohème ; XVIII-XIXème ; Classicisme ; Orgue et cordes</subfield><subfield code="9">LOCAL</subfield></datafield></record>
</metadata></record>