<record><header><identifier>oai:alma.41SLSP_UGE:991000010709705502</identifier><datestamp>2023-03-28T00:11:59Z</datestamp><setSpec>uge_cmu_RapidILL_JOURNAL</setSpec><setSpec>uge_aobs_RapidILL_JOURNAL</setSpec><setSpec>uge_aaca_RapidILL_JOURNAL</setSpec><setSpec>uge_abbat_RapidILL_JOURNAL</setSpec><setSpec>uge_bcen_RapidILL_JOURNAL</setSpec><setSpec>uge_dbu_RapidILL_JOURNAL</setSpec><setSpec>uge_mail_RapidILL_JOURNAL</setSpec><setSpec>uge_abels_RapidILL_JOURNAL</setSpec><setSpec>UNIGE_ALL</setSpec><setSpec>uge_acar_RapidILL_JOURNAL</setSpec></header><metadata>
<record xmlns="http://www.loc.gov/MARC21/slim" xmlns:xsi="http://www.w3.org/2001/XMLSchema-instance" xsi:schemaLocation="http://www.loc.gov/MARC21/slim http://www.loc.gov/standards/marcxml/schema/MARC21slim.xsd"><leader>01400nas a2200337 c 4500</leader><controlfield tag="001">991000010709705502</controlfield><controlfield tag="005">20230327181647.0</controlfield><controlfield tag="008">941125d19851991fr || p|  ||| 0    0fre d</controlfield><datafield ind1=" " ind2=" " tag="035"><subfield code="a">(swissbib)089395824-41slsp_network</subfield></datafield><datafield ind1=" " ind2=" " tag="035"><subfield code="a">089395824</subfield><subfield code="9">ExL</subfield></datafield><datafield ind1=" " ind2=" " tag="035"><subfield code="a">(RERO)1942592-41slsp</subfield></datafield><datafield ind1=" " ind2=" " tag="035"><subfield code="a">(EXLNZ-41SLSP_NETWORK)991040979959705501</subfield></datafield><datafield ind1=" " ind2=" " tag="040"><subfield code="a">RERO geubfd</subfield><subfield code="d">CH-ZuSLS</subfield></datafield><datafield ind1=" " ind2="7" tag="072"><subfield code="a">sg</subfield><subfield code="2">rero</subfield></datafield><datafield ind1=" " ind2=" " tag="084"><subfield code="a">CA/F 58 f</subfield><subfield code="2">cjurrom</subfield></datafield><datafield ind1="0" ind2="0" tag="245"><subfield code="a">Lettre d'information du Comité consultatif national d'éthique pour les sciences de la vie et de la santé</subfield></datafield><datafield ind1=" " ind2="1" tag="264"><subfield code="a">[Paris]</subfield><subfield code="b">La Documentation française</subfield><subfield code="c">1985-1991</subfield></datafield><datafield ind1=" " ind2=" " tag="300"><subfield code="c">42 cm</subfield></datafield><datafield ind1=" " ind2=" " tag="310"><subfield code="a">Trimestriel</subfield></datafield><datafield ind1=" " ind2=" " tag="336"><subfield code="b">txt</subfield><subfield code="2">rdacontent</subfield></datafield><datafield ind1=" " ind2=" " tag="337"><subfield code="b">n</subfield><subfield code="2">rdamedia</subfield></datafield><datafield ind1=" " ind2=" " tag="338"><subfield code="b">nc</subfield><subfield code="2">rdacarrier</subfield></datafield><datafield ind1="0" ind2=" " tag="362"><subfield code="a">No 1(1985)-no 25(1991)</subfield></datafield><datafield ind1=" " ind2=" " tag="580"><subfield code="a">Devient: Lettre du Comité consultatif national d'éthique pour les sciences de la vie et de la santé</subfield></datafield><datafield ind1=" " ind2="7" tag="650"><subfield code="a">Déontologie</subfield><subfield code="0">(IDREF)027441008</subfield><subfield code="2">idref</subfield></datafield><datafield ind1=" " ind2="7" tag="650"><subfield code="a">Sciences de la vie</subfield><subfield code="0">(IDREF)027737519</subfield><subfield code="2">idref</subfield></datafield><datafield ind1=" " ind2="7" tag="650"><subfield code="a">Médecine</subfield><subfield code="0">(IDREF)027887693</subfield><subfield code="2">idref</subfield></datafield><datafield ind1=" " ind2="7" tag="651"><subfield code="a">France</subfield><subfield code="0">(IDREF)027226794</subfield><subfield code="2">idref</subfield></datafield><datafield ind1=" " ind2="7" tag="655"><subfield code="a">Périodiques</subfield><subfield code="0">(IDREF)02724640X</subfield><subfield code="2">idref</subfield></datafield><datafield ind1="2" ind2=" " tag="710"><subfield code="a">France</subfield><subfield code="b">Comité consultatif national d'éthique pour les sciences de la vie et de la santé</subfield><subfield code="0">(RERO)A000064858</subfield></datafield><datafield ind1="0" ind2="0" tag="785"><subfield code="t">Lettre du Comité consultatif national d'éthique pour les sciences de la vie et de la santé</subfield><subfield code="w">(RERO)1942600-41slsp</subfield></datafield><datafield ind1=" " ind2=" " tag="900"><subfield code="a">REROnoselfmerge</subfield></datafield></record>
</metadata></record>