<record><header><identifier>oai:alma.41SLSP_UGE:991000011149705502</identifier><datestamp>2023-06-06T00:10:30Z</datestamp><setSpec>UNIGE_ALL</setSpec></header><metadata>
<record xmlns="http://www.loc.gov/MARC21/slim" xmlns:xsi="http://www.w3.org/2001/XMLSchema-instance" xsi:schemaLocation="http://www.loc.gov/MARC21/slim http://www.loc.gov/standards/marcxml/schema/MARC21slim.xsd"><leader>02029ngm a2200337 c 4500</leader><controlfield tag="001">991000011149705502</controlfield><controlfield tag="005">20230605204514.0</controlfield><controlfield tag="007">vd |v||||</controlfield><controlfield tag="008">130214s2010    fr ||| |          v|fre d</controlfield><datafield ind1="4" ind2="2" tag="028"><subfield code="a">9782296109438</subfield></datafield><datafield ind1=" " ind2=" " tag="035"><subfield code="a">(swissbib)117001295-41slsp_network</subfield></datafield><datafield ind1=" " ind2=" " tag="035"><subfield code="a">117001295</subfield><subfield code="9">ExL</subfield></datafield><datafield ind1=" " ind2=" " tag="035"><subfield code="a">(RERO)R007238775-41slsp</subfield></datafield><datafield ind1=" " ind2=" " tag="035"><subfield code="a">(EXLNZ-41SLSP_NETWORK)991014317509705501</subfield></datafield><datafield ind1=" " ind2=" " tag="040"><subfield code="a">RERO geumem</subfield><subfield code="d">CH-ZuSLS</subfield></datafield><datafield ind1=" " ind2="7" tag="072"><subfield code="a">et</subfield><subfield code="2">rero</subfield></datafield><datafield ind1="0" ind2="0" tag="245"><subfield code="a">Dreamtime, le temps du rêve</subfield><subfield code="c">un film de Eric Ellena</subfield></datafield><datafield ind1="1" ind2=" " tag="246"><subfield code="a">Australie, Dreamtime le temps du rêve</subfield></datafield><datafield ind1=" " ind2="1" tag="264"><subfield code="a">[Lieu de publication non identifié]</subfield><subfield code="b">L'Harmattan vidéo</subfield><subfield code="c">2010</subfield></datafield><datafield ind1=" " ind2=" " tag="300"><subfield code="a">1 DVD-R</subfield></datafield><datafield ind1=" " ind2=" " tag="336"><subfield code="b">tdi</subfield><subfield code="2">rdacontent</subfield></datafield><datafield ind1=" " ind2=" " tag="337"><subfield code="b">v</subfield><subfield code="2">rdamedia</subfield></datafield><datafield ind1=" " ind2=" " tag="338"><subfield code="b">vd</subfield><subfield code="2">rdacarrier</subfield></datafield><datafield ind1=" " ind2=" " tag="500"><subfield code="a">Durée du film : 52 min.</subfield></datafield><datafield ind1=" " ind2=" " tag="500"><subfield code="a">Choix de langues : français.</subfield></datafield><datafield ind1=" " ind2=" " tag="500"><subfield code="a">Toute zone</subfield></datafield><datafield ind1=" " ind2=" " tag="500"><subfield code="a">Une prod. French Connection Films ; Boomerang Productions et Voyage, cop. 2003</subfield></datafield><datafield ind1=" " ind2=" " tag="500"><subfield code="a">La couverture porte le titre : Australie, Dreamtime le temps du rêve</subfield></datafield><datafield ind1="8" ind2=" " tag="520"><subfield code="a">&quot;Le visiteur de passage en Australie ne voit souvent des Aborigènes qu'un peuple alcoolique ou clochardisé, en perte de repères et de culture, qui traîne sur les trottoirs des villes de l'outback australien. De 1815 à 1970, les Aborigènes ont été dépossédés de leurs terres pour l'élevage, l'agriculture ou les exploitations minières. Déportés et forcés à se sédentariser, on leur a également retiré leurs enfants pour inculquer à ceux-ci les valeurs blanches et les forcer à s'intégrer. Aujourd'hui 390.000, à peine 3% de la population australienne, les Aborigènes commencent tout juste à relever la tête avec l'aide d'associations et d'Eglises, et surtout sous l'impulsion d'individualités issues de leur rang. C'est justement plusieurs de ces hommes et femmes de tous âges que le film nous propose de rencontrer.&quot;</subfield><subfield code="5">RERO/geumem/02.2013</subfield></datafield><datafield ind1=" " ind2="7" tag="650"><subfield code="a">Aborigènes d'Australie</subfield><subfield code="0">(IDREF)027427080</subfield><subfield code="2">idref</subfield></datafield><datafield ind1=" " ind2="7" tag="655"><subfield code="a">DVD</subfield><subfield code="0">(IDREF)035108444</subfield><subfield code="2">idref</subfield></datafield><datafield ind1="1" ind2=" " tag="700"><subfield code="a">Ellena, Eric</subfield><subfield code="0">(IDREF)113355017</subfield></datafield></record>
</metadata></record>