<record><header><identifier>oai:alma.41SLSP_UGE:991000010419705502</identifier><datestamp>2023-03-01T01:09:13Z</datestamp><setSpec>uge_bcen_RapidILL_BOOK</setSpec><setSpec>uge_aaca_RapidILL_BOOK</setSpec><setSpec>uge_abels_RapidILL_BOOK</setSpec><setSpec>uge_dbu_RapidILL_BOOK</setSpec><setSpec>uge_cmu_RapidILL_BOOK</setSpec><setSpec>uge_mail_RapidILL_BOOK</setSpec><setSpec>UNIGE_ALL</setSpec><setSpec>uge_abbat_RapidILL_BOOK</setSpec><setSpec>uge_aobs_RapidILL_BOOK</setSpec><setSpec>uge_acar_RapidILL_BOOK</setSpec></header><metadata>
<record xmlns="http://www.loc.gov/MARC21/slim" xmlns:xsi="http://www.w3.org/2001/XMLSchema-instance" xsi:schemaLocation="http://www.loc.gov/MARC21/slim http://www.loc.gov/standards/marcxml/schema/MARC21slim.xsd"><leader>01112nam a2200289 c 4500</leader><controlfield tag="001">991000010419705502</controlfield><controlfield tag="005">20201227170248.0</controlfield><controlfield tag="008">150925s2015    xxk||||| |||| 00| ||fre d</controlfield><datafield ind1=" " ind2=" " tag="020"><subfield code="a">9780729411561</subfield></datafield><datafield ind1="7" ind2=" " tag="024"><subfield code="a">http://catalogue.bnf.fr/ark:/12148/cb44422872p</subfield><subfield code="2">uri</subfield></datafield><datafield ind1=" " ind2=" " tag="035"><subfield code="a">(swissbib)122114906-41slsp_network</subfield></datafield><datafield ind1=" " ind2=" " tag="035"><subfield code="a">122114906</subfield><subfield code="9">ExL</subfield></datafield><datafield ind1=" " ind2=" " tag="035"><subfield code="a">(RERO)R008262893-41slsp</subfield></datafield><datafield ind1=" " ind2=" " tag="035"><subfield code="a">(EXLNZ-41SLSP_NETWORK)991082559259705501</subfield></datafield><datafield ind1=" " ind2=" " tag="040"><subfield code="a">RERO gevimv</subfield><subfield code="d">CH-ZuSLS</subfield></datafield><datafield ind1=" " ind2="7" tag="072"><subfield code="a">fr</subfield><subfield code="2">rero</subfield></datafield><datafield ind1="0" ind2=" " tag="100"><subfield code="a">Voltaire</subfield><subfield code="d">1694-1778</subfield><subfield code="0">(IDREF)027190099</subfield><subfield code="4">cre</subfield></datafield><datafield ind1="1" ind2="0" tag="245"><subfield code="a">&lt;&lt;The&gt;&gt; complete works of Voltaire</subfield><subfield code="n">13 B</subfield><subfield code="p">Siècle de Louis XIV (IV)</subfield><subfield code="c">sous la dir. de Diego Venturino = [Les oeuvres complètes de Voltaire] / [éd.: Nicholas Cronk ... et al.]</subfield></datafield><datafield ind1=" " ind2="1" tag="264"><subfield code="a">Oxford</subfield><subfield code="b">Voltaire Foundation</subfield><subfield code="c">2015</subfield></datafield><datafield ind1=" " ind2=" " tag="300"><subfield code="a">453 p.</subfield><subfield code="b">ill.</subfield><subfield code="c">24 cm</subfield></datafield><datafield ind1=" " ind2=" " tag="336"><subfield code="b">txt</subfield><subfield code="2">rdacontent</subfield></datafield><datafield ind1=" " ind2=" " tag="337"><subfield code="b">n</subfield><subfield code="2">rdamedia</subfield></datafield><datafield ind1=" " ind2=" " tag="338"><subfield code="b">nc</subfield><subfield code="2">rdacarrier</subfield></datafield><datafield ind1=" " ind2=" " tag="504"><subfield code="a">Bibliogr.: p. 427-433. - Index</subfield></datafield><datafield ind1="0" ind2=" " tag="505"><subfield code="a">Chapitres 13-24</subfield></datafield><datafield ind1="1" ind2=" " tag="700"><subfield code="a">Venturino, Diego</subfield><subfield code="0">(IDREF)031987508</subfield></datafield><datafield ind1="0" ind2=" " tag="800"><subfield code="a">Voltaire</subfield><subfield code="d">1694-1778</subfield><subfield code="t">&lt;&lt;The&gt;&gt; complete works of Voltaire</subfield><subfield code="v">13 B</subfield><subfield code="w">(RERO)0018943-41slsp</subfield></datafield><datafield ind1=" " ind2=" " tag="900"><subfield code="a">REROnoselfmerge</subfield></datafield></record>
</metadata></record>