<record><header><identifier>oai:alma.41SLSP_UGE:991000011249705502</identifier><datestamp>2024-04-11T00:24:52Z</datestamp><setSpec>uge_bcen_RapidILL_BOOK</setSpec><setSpec>uge_aaca_RapidILL_BOOK</setSpec><setSpec>uge_abels_RapidILL_BOOK</setSpec><setSpec>uge_dbu_RapidILL_BOOK</setSpec><setSpec>uge_cmu_RapidILL_BOOK</setSpec><setSpec>uge_mail_RapidILL_BOOK</setSpec><setSpec>uge_abbat_RapidILL_BOOK</setSpec><setSpec>UNIGE_ALL</setSpec><setSpec>uge_aobs_RapidILL_BOOK</setSpec><setSpec>uge_acar_RapidILL_BOOK</setSpec></header><metadata>
<record xmlns="http://www.loc.gov/MARC21/slim" xmlns:xsi="http://www.w3.org/2001/XMLSchema-instance" xsi:schemaLocation="http://www.loc.gov/MARC21/slim http://www.loc.gov/standards/marcxml/schema/MARC21slim.xsd"><leader>04175nam a2200841 c 4500</leader><controlfield tag="001">991000011249705502</controlfield><controlfield tag="005">20240410142958.0</controlfield><controlfield tag="008">201011s1983    sz ||||| |||| 00| ||ger d</controlfield><datafield ind1=" " ind2=" " tag="035"><subfield code="a">(swissbib)227104528-41slsp_network</subfield></datafield><datafield ind1=" " ind2=" " tag="035"><subfield code="a">227104528</subfield><subfield code="9">ExL</subfield></datafield><datafield ind1=" " ind2=" " tag="035"><subfield code="a">(RERO)0484778-41slsp</subfield></datafield><datafield ind1=" " ind2=" " tag="035"><subfield code="a">(IDSLU)000604413ILU01</subfield></datafield><datafield ind1=" " ind2=" " tag="035"><subfield code="a">(IDSBB)000030978DSV01</subfield></datafield><datafield ind1=" " ind2=" " tag="035"><subfield code="a">(NEBIS)000671243EBI01</subfield></datafield><datafield ind1=" " ind2=" " tag="035"><subfield code="a">(IDSSG)000097406HSB01</subfield></datafield><datafield ind1=" " ind2=" " tag="035"><subfield code="a">(ABN)000618911ABN01</subfield></datafield><datafield ind1=" " ind2=" " tag="035"><subfield code="a">(EXLNZ-41SLSP_NETWORK)991113500629705501</subfield></datafield><datafield ind1=" " ind2=" " tag="040"><subfield code="a">RERO</subfield><subfield code="d">CH-ZuSLS</subfield></datafield><datafield ind1=" " ind2="7" tag="072"><subfield code="a">dr</subfield><subfield code="2">rero</subfield></datafield><datafield ind1=" " ind2="7" tag="072"><subfield code="a">rf</subfield><subfield code="2">SzZuIDS BS/BE</subfield></datafield><datafield ind1="0" ind2="4" tag="082"><subfield code="a">343.494/0252</subfield><subfield code="a">344.9403252</subfield><subfield code="2">19</subfield></datafield><datafield ind1="1" ind2="4" tag="082"><subfield code="a">340</subfield><subfield code="2">15</subfield></datafield><datafield ind1=" " ind2=" " tag="084"><subfield code="a">CA/CH 47 h</subfield><subfield code="2">cjurrom</subfield></datafield><datafield ind1=" " ind2=" " tag="084"><subfield code="a">CA/CH 40.3 h</subfield><subfield code="2">cjurrom</subfield></datafield><datafield ind1="1" ind2=" " tag="100"><subfield code="a">Aemisegger, Heinz</subfield><subfield code="d">1947-</subfield><subfield code="0">(DE-588)111018641</subfield><subfield code="6">880-01</subfield></datafield><datafield ind1="1" ind2=" " tag="880"><subfield code="6">100-01</subfield><subfield code="a">Aemisegger, Heinz</subfield><subfield code="d">1947-....</subfield><subfield code="0">(IDREF)255169426</subfield><subfield code="4">cre</subfield></datafield><datafield ind1="1" ind2="0" tag="245"><subfield code="a">Raumplanung und Entschaedigungspflicht</subfield><subfield code="b">materielle Enteignung, Vertrauensschutz</subfield><subfield code="c">Bearb. Heinz Aemisegger</subfield></datafield><datafield ind1=" " ind2="1" tag="264"><subfield code="a">Bern</subfield><subfield code="b">Schweizerische Vereinigung für Landesplanung</subfield><subfield code="c">1983</subfield></datafield><datafield ind1=" " ind2=" " tag="300"><subfield code="a">VII, 206 p.</subfield><subfield code="c">22 cm</subfield></datafield><datafield ind1=" " ind2=" " tag="336"><subfield code="b">txt</subfield><subfield code="2">rdacontent</subfield></datafield><datafield ind1=" " ind2=" " tag="337"><subfield code="b">n</subfield><subfield code="2">rdamedia</subfield></datafield><datafield ind1=" " ind2=" " tag="338"><subfield code="b">nc</subfield><subfield code="2">rdacarrier</subfield></datafield><datafield ind1="1" ind2=" " tag="490"><subfield code="a">Schriftenfolge / Schweizerische Vereinigung für Landesplanung (VLP)</subfield><subfield code="v">Nr. 36</subfield></datafield><datafield ind1=" " ind2=" " tag="504"><subfield code="a">Bibliogr</subfield></datafield><datafield ind1=" " ind2="7" tag="650"><subfield code="a">Raumplanung und öffentliches Baurecht</subfield><subfield code="9">ger</subfield><subfield code="0">(RERO)jurivoc000018160ger</subfield><subfield code="2">jurivoc</subfield></datafield><datafield ind1=" " ind2="7" tag="650"><subfield code="a">materielle Enteignung</subfield><subfield code="9">ger</subfield><subfield code="0">(RERO)jurivoc000014744ger</subfield><subfield code="2">jurivoc</subfield></datafield><datafield ind1=" " ind2="7" tag="650"><subfield code="a">Enteignungsentschädigung</subfield><subfield code="9">ger</subfield><subfield code="0">(RERO)jurivoc000006908ger</subfield><subfield code="2">jurivoc</subfield></datafield><datafield ind1=" " ind2="7" tag="650"><subfield code="a">Verwaltungs- und Verwaltungsgerichtsverfahren</subfield><subfield code="9">ger</subfield><subfield code="0">(RERO)jurivoc000025342ger</subfield><subfield code="2">jurivoc</subfield></datafield><datafield ind1=" " ind2="7" tag="650"><subfield code="a">Aménagement du territoire</subfield><subfield code="0">(IDREF)027257479</subfield><subfield code="2">idref</subfield></datafield><datafield ind1=" " ind2="7" tag="650"><subfield code="a">Expropriation</subfield><subfield code="0">(IDREF)027467708</subfield><subfield code="2">idref</subfield></datafield><datafield ind1=" " ind2="7" tag="650"><subfield code="a">Indemnisation</subfield><subfield code="0">(IDREF)050595490</subfield><subfield code="2">idref</subfield></datafield><datafield ind1=" " ind2="7" tag="650"><subfield code="a">Raumplanung</subfield><subfield code="z">Schweiz</subfield><subfield code="2">idsbb</subfield></datafield><datafield ind1=" " ind2="7" tag="650"><subfield code="a">Materielle Enteignung</subfield><subfield code="z">Schweiz</subfield><subfield code="2">idsbb</subfield></datafield><datafield ind1=" " ind2="7" tag="650"><subfield code="a">Regionalplanung</subfield><subfield code="0">(DE-STW)11900-2</subfield><subfield code="2">stw</subfield></datafield><datafield ind1=" " ind2="7" tag="650"><subfield code="a">Materielle Enteignung</subfield><subfield code="0">(DE-588)4234514-5</subfield><subfield code="2">gnd</subfield></datafield><datafield ind1=" " ind2="7" tag="650"><subfield code="a">Raumordnung</subfield><subfield code="0">(DE-588)4048590-0</subfield><subfield code="2">gnd</subfield></datafield><datafield ind1=" " ind2="0" tag="650"><subfield code="a">Compensation (Law)</subfield><subfield code="z">Switzerland</subfield></datafield><datafield ind1=" " ind2="0" tag="650"><subfield code="a">Eminent domain</subfield><subfield code="z">Switzerland</subfield></datafield><datafield ind1=" " ind2="0" tag="650"><subfield code="a">Regional planning</subfield><subfield code="x">Law and legislation</subfield><subfield code="z">Switzerland</subfield></datafield><datafield ind1=" " ind2="7" tag="650"><subfield code="a">ENTEIGNUNG VON GRUNDEIGENTUM</subfield><subfield code="9">ger</subfield><subfield code="0">(ETHUDK)000010539</subfield><subfield code="2">ethudk</subfield></datafield><datafield ind1=" " ind2="7" tag="650"><subfield code="a">GRUNDEIGENTUMSBESCHRÄNKUNG</subfield><subfield code="9">ger</subfield><subfield code="0">(ETHUDK)000010538</subfield><subfield code="2">ethudk</subfield></datafield><datafield ind1=" " ind2="7" tag="650"><subfield code="a">SCHWEIZ (MITTELEUROPA). SCHWEIZERISCHE EIDGENOSSENSCHAFT</subfield><subfield code="9">ger</subfield><subfield code="0">(ETHUDK)000004571</subfield><subfield code="2">ethudk</subfield></datafield><datafield ind1=" " ind2="7" tag="651"><subfield code="a">Schweiz</subfield><subfield code="9">ger</subfield><subfield code="0">(RERO)jurivoc000019912ger</subfield><subfield code="2">jurivoc</subfield></datafield><datafield ind1=" " ind2="7" tag="651"><subfield code="a">Suisse</subfield><subfield code="0">(IDREF)027249654</subfield><subfield code="2">idref</subfield></datafield><datafield ind1=" " ind2="7" tag="651"><subfield code="a">Schweiz</subfield><subfield code="0">(DE-588)4053881-3</subfield><subfield code="2">gnd</subfield></datafield><datafield ind1=" " ind2=" " tag="690"><subfield code="a">Entschädigungspflicht, staatliche, B: Expropriation. Schweiz</subfield><subfield code="2">rzs-L1</subfield></datafield><datafield ind1=" " ind2=" " tag="690"><subfield code="a">Expropriation. Schweiz, B: Entschädigungspflicht &amp; Raumplanung</subfield><subfield code="2">rzs-L1</subfield></datafield><datafield ind1=" " ind2=" " tag="690"><subfield code="a">Raumplanungsrecht. Schweiz, B: Entschädigungspflicht</subfield><subfield code="2">rzs-L1</subfield></datafield><datafield ind1=" " ind2=" " tag="690"><subfield code="a">Enteignung / Einzelne Gebiete und Orte / Europa / Schweiz</subfield><subfield code="2">uzb-Z9</subfield></datafield><datafield ind1=" " ind2=" " tag="690"><subfield code="a">Raumplanung / Einzelne Gebiete und Orte / Europa / Schweiz</subfield><subfield code="2">uzb-Z9</subfield></datafield><datafield ind1=" " ind2=" " tag="690"><subfield code="a">Schadenersatz / Einzelne Gebiete und Orte / Europa / Schweiz</subfield><subfield code="2">uzb-Z9</subfield></datafield><datafield ind1=" " ind2=" " tag="690"><subfield code="a">Schweiz / Raumplanung</subfield><subfield code="2">uzb-Z9</subfield></datafield><datafield ind1=" " ind2=" " tag="690"><subfield code="a">Vertrauensschutz</subfield><subfield code="2">uzb-Z9</subfield></datafield><datafield ind1=" " ind2=" " tag="690"><subfield code="a">Jus Verwaltungsrecht : Landesrecht, Regionalrecht und Ortsplanung, Bodenrecht : Schweiz</subfield><subfield code="2">hsg-H9</subfield></datafield><datafield ind1=" " ind2=" " tag="690"><subfield code="a">Jus Verwaltungsrecht : Expropriation, Staatshaftung : Schweiz</subfield><subfield code="2">hsg-H9</subfield></datafield><datafield ind1=" " ind2=" " tag="690"><subfield code="a">Jus Staatsrecht Schweizerisches Bundesstaatenrecht : Rechtsprechung des Bundes im allgemeinen</subfield><subfield code="2">hsg-H9</subfield></datafield><datafield ind1=" " ind2=" " tag="690"><subfield code="a">Jus Staatsrecht Schweizerisches Bundesstaatenrecht : Eigentumsgarantie</subfield><subfield code="2">hsg-H9</subfield></datafield><datafield ind1=" " ind2=" " tag="690"><subfield code="a">Jus Staatsrecht Kantonal : Freiheitsrechte, Bürgerrechte</subfield><subfield code="2">hsg-H9</subfield></datafield><datafield ind1="2" ind2=" " tag="710"><subfield code="a">Association suisse pour le plan d'aménagement national</subfield><subfield code="0">(RERO)A000013141</subfield></datafield><datafield ind1=" " ind2="0" tag="830"><subfield code="a">Schriftenfolge</subfield><subfield code="v">36</subfield><subfield code="w">(IDSBB)000101489DSV01</subfield></datafield><datafield ind1=" " ind2="0" tag="830"><subfield code="a">Schriftenfolge</subfield><subfield code="v">36</subfield><subfield code="w">(IDSLU)000135538ILU01</subfield></datafield><datafield ind1=" " ind2="0" tag="830"><subfield code="a">Schriftenfolge</subfield><subfield code="v">36</subfield><subfield code="w">(NEBIS)000021725EBI01</subfield></datafield><datafield ind1=" " ind2="0" tag="830"><subfield code="a">Schriftenfolge / Schweizerische Vereinigung für Landesplanung</subfield><subfield code="v">36</subfield><subfield code="w">(RERO)0393332-41slsp</subfield></datafield><datafield ind1=" " ind2=" " tag="900"><subfield code="a">IDSZ2rwimon201201l</subfield><subfield code="c">IDSZ2biss</subfield></datafield></record>
</metadata></record>