<record><header><identifier>oai:alma.41SLSP_UGE:991000010729705502</identifier><datestamp>2023-03-01T01:09:13Z</datestamp><setSpec>uge_bcen_RapidILL_BOOK</setSpec><setSpec>uge_aaca_RapidILL_BOOK</setSpec><setSpec>uge_abels_RapidILL_BOOK</setSpec><setSpec>uge_dbu_RapidILL_BOOK</setSpec><setSpec>uge_cmu_RapidILL_BOOK</setSpec><setSpec>uge_mail_RapidILL_BOOK</setSpec><setSpec>UNIGE_ALL</setSpec><setSpec>uge_abbat_RapidILL_BOOK</setSpec><setSpec>uge_aobs_RapidILL_BOOK</setSpec><setSpec>uge_acar_RapidILL_BOOK</setSpec></header><metadata>
<record xmlns="http://www.loc.gov/MARC21/slim" xmlns:xsi="http://www.w3.org/2001/XMLSchema-instance" xsi:schemaLocation="http://www.loc.gov/MARC21/slim http://www.loc.gov/standards/marcxml/schema/MARC21slim.xsd"><leader>00831nam a2200253 c 4500</leader><controlfield tag="001">991000010729705502</controlfield><controlfield tag="005">20211031145459.0</controlfield><controlfield tag="008">960525s1893    gw ||||| |||| 00| ||ger d</controlfield><datafield ind1=" " ind2=" " tag="035"><subfield code="a">(swissbib)079714064-41slsp_network</subfield></datafield><datafield ind1=" " ind2=" " tag="035"><subfield code="a">079714064</subfield><subfield code="9">ExL</subfield></datafield><datafield ind1=" " ind2=" " tag="035"><subfield code="a">(RERO)0559736-41slsp</subfield></datafield><datafield ind1=" " ind2=" " tag="035"><subfield code="a">(EXLNZ-41SLSP_NETWORK)991030442319705501</subfield></datafield><datafield ind1=" " ind2=" " tag="040"><subfield code="a">RERO</subfield><subfield code="d">CH-ZuSLS</subfield></datafield><datafield ind1=" " ind2="7" tag="072"><subfield code="a">al</subfield><subfield code="2">rero</subfield></datafield><datafield ind1="1" ind2=" " tag="100"><subfield code="a">Goethe, Johann Wolfgang von</subfield><subfield code="d">1749-1832</subfield><subfield code="0">(IDREF)026895528</subfield><subfield code="4">cre</subfield></datafield><datafield ind1="1" ind2="0" tag="245"><subfield code="a">Goethes Briefe</subfield><subfield code="n">Bd. 14</subfield><subfield code="p">1799</subfield></datafield><datafield ind1=" " ind2="1" tag="264"><subfield code="a">Weimar</subfield><subfield code="b">H. Böhlau</subfield><subfield code="c">1893</subfield></datafield><datafield ind1=" " ind2=" " tag="300"><subfield code="a">X, 292 p.</subfield><subfield code="c">22 cm</subfield></datafield><datafield ind1=" " ind2=" " tag="336"><subfield code="b">txt</subfield><subfield code="2">rdacontent</subfield></datafield><datafield ind1=" " ind2=" " tag="337"><subfield code="b">n</subfield><subfield code="2">rdamedia</subfield></datafield><datafield ind1=" " ind2=" " tag="338"><subfield code="b">nc</subfield><subfield code="2">rdacarrier</subfield></datafield><datafield ind1="1" ind2=" " tag="490"><subfield code="a">Goethes Werke</subfield><subfield code="v">Abt. 4, Bd. 14</subfield></datafield><datafield ind1="1" ind2=" " tag="800"><subfield code="a">Goethe, Johann Wolfgang von</subfield><subfield code="d">1749-1832</subfield><subfield code="t">Goethes Briefe</subfield><subfield code="v">14</subfield></datafield><datafield ind1="1" ind2=" " tag="800"><subfield code="a">Goethe, Johann Wolfgang von</subfield><subfield code="d">1749-1832</subfield><subfield code="t">Goethes Werke</subfield><subfield code="v">4,14</subfield></datafield><datafield ind1=" " ind2=" " tag="900"><subfield code="a">REROnoselfmerge</subfield></datafield></record>
</metadata></record>