<record><header><identifier>oai:alma.41SLSP_UGE:991000010309705502</identifier><datestamp>2023-03-01T01:09:13Z</datestamp><setSpec>UNIGE_ALL</setSpec></header><metadata>
<record xmlns="http://www.loc.gov/MARC21/slim" xmlns:xsi="http://www.w3.org/2001/XMLSchema-instance" xsi:schemaLocation="http://www.loc.gov/MARC21/slim http://www.loc.gov/standards/marcxml/schema/MARC21slim.xsd"><leader>01131ngm a2200301 c 4500</leader><controlfield tag="001">991000010309705502</controlfield><controlfield tag="005">20201225190243.0</controlfield><controlfield tag="007">gs ||||||</controlfield><controlfield tag="008">871008s1979    ru ||| |          s|fre d</controlfield><datafield ind1=" " ind2=" " tag="035"><subfield code="a">(swissbib)082131376-41slsp_network</subfield></datafield><datafield ind1=" " ind2=" " tag="035"><subfield code="a">082131376</subfield><subfield code="9">ExL</subfield></datafield><datafield ind1=" " ind2=" " tag="035"><subfield code="a">(RERO)0893222-41slsp</subfield></datafield><datafield ind1=" " ind2=" " tag="035"><subfield code="a">(EXLNZ-41SLSP_NETWORK)991120809859705501</subfield></datafield><datafield ind1=" " ind2=" " tag="040"><subfield code="a">RERO geumed</subfield><subfield code="d">CH-ZuSLS</subfield></datafield><datafield ind1="1" ind2=" " tag="041"><subfield code="a">fre</subfield><subfield code="h">rus</subfield></datafield><datafield ind1=" " ind2="7" tag="072"><subfield code="a">ba</subfield><subfield code="2">rero</subfield></datafield><datafield ind1="1" ind2=" " tag="100"><subfield code="a">Kramskoj, Ivan Nikolaevič</subfield><subfield code="d">1837-1887</subfield><subfield code="0">(IDREF)064124835</subfield><subfield code="4">cre</subfield></datafield><datafield ind1="1" ind2="0" tag="245"><subfield code="a">Portrait de [l'écrivain] Mikhaïl Iévgrafovitch Saltykov-Chtchedrine</subfield><subfield code="c">Ivan Nikolaevič Kramskoj ; photographie de V. Gridnev</subfield></datafield><datafield ind1=" " ind2="1" tag="264"><subfield code="a">Moskva</subfield><subfield code="b">Studia &quot;Diafilm&quot; Goskino SSSR [prod.]</subfield><subfield code="c">1979</subfield></datafield><datafield ind1=" " ind2=" " tag="300"><subfield code="a">1 DIAPOSITIVE</subfield><subfield code="b">couleur</subfield><subfield code="c">5 x 5 cm</subfield><subfield code="e">photocopie du livret en langue russe</subfield></datafield><datafield ind1=" " ind2=" " tag="336"><subfield code="b">sti</subfield><subfield code="2">rdacontent</subfield></datafield><datafield ind1=" " ind2=" " tag="337"><subfield code="b">g</subfield><subfield code="2">rdamedia</subfield></datafield><datafield ind1=" " ind2=" " tag="338"><subfield code="b">gs</subfield><subfield code="2">rdacarrier</subfield></datafield><datafield ind1=" " ind2=" " tag="500"><subfield code="a">Numéro de référence: B3-15-011-12</subfield></datafield><datafield ind1=" " ind2=" " tag="500"><subfield code="a">Traduit de: Portret Mihaila Evgrafoviča Saltykova-Ščedrina (1826-1889)</subfield></datafield><datafield ind1=" " ind2=" " tag="500"><subfield code="a">Peint en 1879</subfield></datafield><datafield ind1=" " ind2=" " tag="500"><subfield code="a">Huile sur toile ; 88 x 58 cm</subfield></datafield><datafield ind1=" " ind2=" " tag="500"><subfield code="a">Galerie Trétiakov, Moscou</subfield></datafield><datafield ind1=" " ind2=" " tag="900"><subfield code="a">REROnoselfmerge</subfield></datafield></record>
</metadata></record>