<record><header><identifier>oai:alma.41SLSP_UGE:991000010619705502</identifier><datestamp>2023-03-01T01:09:13Z</datestamp><setSpec>uge_bcen_RapidILL_BOOK</setSpec><setSpec>uge_aaca_RapidILL_BOOK</setSpec><setSpec>uge_abels_RapidILL_BOOK</setSpec><setSpec>uge_dbu_RapidILL_BOOK</setSpec><setSpec>uge_cmu_RapidILL_BOOK</setSpec><setSpec>uge_mail_RapidILL_BOOK</setSpec><setSpec>UNIGE_ALL</setSpec><setSpec>uge_abbat_RapidILL_BOOK</setSpec><setSpec>uge_aobs_RapidILL_BOOK</setSpec><setSpec>uge_acar_RapidILL_BOOK</setSpec></header><metadata>
<record xmlns="http://www.loc.gov/MARC21/slim" xmlns:xsi="http://www.w3.org/2001/XMLSchema-instance" xsi:schemaLocation="http://www.loc.gov/MARC21/slim http://www.loc.gov/standards/marcxml/schema/MARC21slim.xsd"><leader>01184naa a2200265 c 4500</leader><controlfield tag="001">991000010619705502</controlfield><controlfield tag="005">20210207114540.0</controlfield><controlfield tag="008">000726s1997    gw ||||| |||| 00| ||eng d</controlfield><datafield ind1=" " ind2=" " tag="035"><subfield code="a">(swissbib)092102468-41slsp_network</subfield></datafield><datafield ind1=" " ind2=" " tag="035"><subfield code="a">092102468</subfield><subfield code="9">ExL</subfield></datafield><datafield ind1=" " ind2=" " tag="035"><subfield code="a">(RERO)R213133560-41slsp</subfield></datafield><datafield ind1=" " ind2=" " tag="035"><subfield code="a">(EXLNZ-41SLSP_NETWORK)991107614009705501</subfield></datafield><datafield ind1=" " ind2=" " tag="040"><subfield code="a">RERO geussc</subfield><subfield code="d">CH-ZuSLS</subfield></datafield><datafield ind1=" " ind2="7" tag="072"><subfield code="a">ch</subfield><subfield code="2">rero</subfield></datafield><datafield ind1="0" ind2="0" tag="245"><subfield code="a">Determination of artemisinin and artemisinic acid by capillary and packed supercritical fluid chromatography</subfield><subfield code="c">Marcel Kohler... [et al.]</subfield></datafield><datafield ind1=" " ind2=" " tag="336"><subfield code="b">txt</subfield><subfield code="2">rdacontent</subfield></datafield><datafield ind1=" " ind2=" " tag="337"><subfield code="b">n</subfield><subfield code="2">rdamedia</subfield></datafield><datafield ind1=" " ind2=" " tag="338"><subfield code="b">nc</subfield><subfield code="2">rdacarrier</subfield></datafield><datafield ind1=" " ind2=" " tag="508"><subfield code="a">Autres auteurs: Werner Haerdi, Philippe Christen et Jean-Luc Veuthey</subfield></datafield><datafield ind1=" " ind2=" " tag="580"><subfield code="a">In: HRC : journal of high resolution chromatography. - Heidelberg. - Vol. 20(1997), p. 62-66</subfield></datafield><datafield ind1="1" ind2=" " tag="700"><subfield code="a">Kohler, Marcel</subfield><subfield code="0">(RERO)A003465160</subfield></datafield><datafield ind1="1" ind2=" " tag="700"><subfield code="a">Haerdi, Werner</subfield><subfield code="d">1927-....</subfield><subfield code="0">(IDREF)03309568X</subfield></datafield><datafield ind1="1" ind2=" " tag="700"><subfield code="a">Christen, Philipp</subfield><subfield code="0">(IDREF)031572359</subfield></datafield><datafield ind1="1" ind2=" " tag="700"><subfield code="a">Veuthey, Jean-Luc</subfield><subfield code="0">(IDREF)187078289</subfield></datafield><datafield ind1="0" ind2=" " tag="773"><subfield code="t">HRC : Journal of high resolution chromatography : an international journal for micro-separations and hyphenated techniques</subfield><subfield code="g">20/62</subfield><subfield code="w">(RERO)0849664-41slsp</subfield></datafield><datafield ind1=" " ind2=" " tag="900"><subfield code="a">REROnoselfmerge</subfield></datafield></record>
</metadata></record>