<record><header><identifier>oai:alma.41SLSP_UGE:991000010409705502</identifier><datestamp>2024-10-05T00:08:06Z</datestamp><setSpec>uge_bcen_RapidILL_BOOK</setSpec><setSpec>uge_aaca_RapidILL_BOOK</setSpec><setSpec>uge_abels_RapidILL_BOOK</setSpec><setSpec>uge_dbu_RapidILL_BOOK</setSpec><setSpec>uge_cmu_RapidILL_BOOK</setSpec><setSpec>uge_mail_RapidILL_BOOK</setSpec><setSpec>uge_abbat_RapidILL_BOOK</setSpec><setSpec>UNIGE_ALL</setSpec><setSpec>uge_aobs_RapidILL_BOOK</setSpec><setSpec>uge_acar_RapidILL_BOOK</setSpec></header><metadata>
<record xmlns="http://www.loc.gov/MARC21/slim" xmlns:xsi="http://www.w3.org/2001/XMLSchema-instance" xsi:schemaLocation="http://www.loc.gov/MARC21/slim http://www.loc.gov/standards/marcxml/schema/MARC21slim.xsd"><leader>01669nam a2200421 c 4500</leader><controlfield tag="001">991000010409705502</controlfield><controlfield tag="005">20241004184848.0</controlfield><controlfield tag="008">201012s1975    it ||||| |||| 00| ||ita d</controlfield><datafield ind1=" " ind2=" " tag="035"><subfield code="a">(swissbib)238562174-41slsp_network</subfield></datafield><datafield ind1=" " ind2=" " tag="035"><subfield code="a">238562174</subfield><subfield code="9">ExL</subfield></datafield><datafield ind1=" " ind2=" " tag="035"><subfield code="a">(RERO)R004513881-41slsp</subfield></datafield><datafield ind1=" " ind2=" " tag="035"><subfield code="a">(IDSBB)000579171DSV01</subfield></datafield><datafield ind1=" " ind2=" " tag="035"><subfield code="a">(SBT)000210485SBT01</subfield></datafield><datafield ind1=" " ind2=" " tag="035"><subfield code="a">(EXLNZ-41SLSP_NETWORK)991034239359705501</subfield></datafield><datafield ind1=" " ind2=" " tag="040"><subfield code="a">RERO geubfd</subfield><subfield code="d">CH-ZuSLS</subfield></datafield><datafield ind1=" " ind2="7" tag="072"><subfield code="a">dr</subfield><subfield code="2">rero</subfield></datafield><datafield ind1=" " ind2="7" tag="072"><subfield code="a">rb</subfield><subfield code="2">SzZuIDS BS/BE</subfield></datafield><datafield ind1=" " ind2="7" tag="072"><subfield code="a">rc</subfield><subfield code="2">SzZuIDS BS/BE</subfield></datafield><datafield ind1=" " ind2="7" tag="072"><subfield code="a">th</subfield><subfield code="2">rero</subfield></datafield><datafield ind1="1" ind2="4" tag="082"><subfield code="a">230</subfield><subfield code="2">15</subfield></datafield><datafield ind1="1" ind2="4" tag="082"><subfield code="a">340</subfield><subfield code="2">15</subfield></datafield><datafield ind1=" " ind2=" " tag="084"><subfield code="a">A 62.0 h</subfield><subfield code="2">cjurrom</subfield></datafield><datafield ind1=" " ind2=" " tag="084"><subfield code="a">A 32.0 h</subfield><subfield code="2">cjurrom</subfield></datafield><datafield ind1="1" ind2=" " tag="100"><subfield code="a">Musselli, Luciano</subfield><subfield code="d">1942-2015</subfield><subfield code="0">(DE-588)1047558947</subfield><subfield code="6">880-01</subfield></datafield><datafield ind1="1" ind2=" " tag="880"><subfield code="6">100-01</subfield><subfield code="a">Musselli, Luciano</subfield><subfield code="c">juriste</subfield><subfield code="d">1942-2015</subfield><subfield code="0">(IDREF)07429900X</subfield><subfield code="4">cre</subfield></datafield><datafield ind1="1" ind2="0" tag="245"><subfield code="a">Chiesa cattolica e comunità politica</subfield><subfield code="b">(dal declino della teoria della &quot;potestas indirecta&quot; alle nuove impostazioni della canonistica postconciliare)</subfield><subfield code="c">Luciano Musselli</subfield></datafield><datafield ind1=" " ind2="1" tag="264"><subfield code="a">Padova</subfield><subfield code="b">CEDAM</subfield><subfield code="c">1975</subfield></datafield><datafield ind1=" " ind2=" " tag="300"><subfield code="a">IX, 155 S.</subfield><subfield code="c">4'</subfield></datafield><datafield ind1=" " ind2=" " tag="336"><subfield code="b">txt</subfield><subfield code="2">rdacontent</subfield></datafield><datafield ind1=" " ind2=" " tag="337"><subfield code="b">n</subfield><subfield code="2">rdamedia</subfield></datafield><datafield ind1=" " ind2=" " tag="338"><subfield code="b">nc</subfield><subfield code="2">rdacarrier</subfield></datafield><datafield ind1="1" ind2=" " tag="490"><subfield code="a">Pubblicazioni della Università di Pavia. Studi nelle scienze giuridiche e sociali. Nuova serie</subfield><subfield code="v">vol. 15</subfield></datafield><datafield ind1=" " ind2="4" tag="650"><subfield code="a">Kanonistik</subfield></datafield><datafield ind1=" " ind2="4" tag="650"><subfield code="a">Kirche</subfield></datafield><datafield ind1=" " ind2="4" tag="650"><subfield code="a">Staat</subfield></datafield><datafield ind1=" " ind2=" " tag="691"><subfield code="e">262.9</subfield><subfield code="a">Diritto e leggi della chiesa</subfield><subfield code="2">usi-TE</subfield></datafield><datafield ind1=" " ind2=" " tag="830"><subfield code="a">Pubblicazioni della Università di Pavia</subfield><subfield code="p">Studi nelle scienze giuridiche e sociali</subfield><subfield code="p">Nuova serie</subfield><subfield code="v">15</subfield><subfield code="w">(IDSBB)000052704DSV01</subfield></datafield><datafield ind1=" " ind2=" " tag="830"><subfield code="a">Pubblicazioni della Università di Pavia</subfield><subfield code="p">Studi nelle scienze giuridiche e sociali. Nuova serie</subfield><subfield code="v">15</subfield><subfield code="w">(RERO)0024234-41slsp</subfield></datafield><datafield ind1=" " ind2=" " tag="900"><subfield code="a">REROnoselfmerge</subfield></datafield></record>
</metadata></record>