<record><header><identifier>oai:alma.41SLSP_UGE:991000011139705502</identifier><datestamp>2024-06-14T00:07:56Z</datestamp><setSpec>uge_bcen_RapidILL_BOOK</setSpec><setSpec>uge_aaca_RapidILL_BOOK</setSpec><setSpec>uge_abels_RapidILL_BOOK</setSpec><setSpec>uge_dbu_RapidILL_BOOK</setSpec><setSpec>uge_cmu_RapidILL_BOOK</setSpec><setSpec>uge_mail_RapidILL_BOOK</setSpec><setSpec>uge_abbat_RapidILL_BOOK</setSpec><setSpec>UNIGE_ALL</setSpec><setSpec>uge_aobs_RapidILL_BOOK</setSpec><setSpec>uge_acar_RapidILL_BOOK</setSpec></header><metadata>
<record xmlns="http://www.loc.gov/MARC21/slim" xmlns:xsi="http://www.w3.org/2001/XMLSchema-instance" xsi:schemaLocation="http://www.loc.gov/MARC21/slim http://www.loc.gov/standards/marcxml/schema/MARC21slim.xsd"><leader>03051nam a2200709 c 4500</leader><controlfield tag="001">991000011139705502</controlfield><controlfield tag="005">20230516185114.0</controlfield><controlfield tag="008">201011s2018    fr a   g b||| 001 0 fre|d</controlfield><datafield ind1=" " ind2=" " tag="020"><subfield code="a">2358721670</subfield><subfield code="q">br</subfield></datafield><datafield ind1=" " ind2=" " tag="020"><subfield code="a">9782358721677</subfield><subfield code="q">br</subfield></datafield><datafield ind1="7" ind2=" " tag="024"><subfield code="a">http://catalogue.bnf.fr/ark:/12148/cb45578659q</subfield><subfield code="2">uri</subfield></datafield><datafield ind1=" " ind2=" " tag="035"><subfield code="a">(swissbib)215298284-41slsp_network</subfield></datafield><datafield ind1=" " ind2=" " tag="035"><subfield code="a">215298284</subfield><subfield code="9">ExL</subfield></datafield><datafield ind1=" " ind2=" " tag="035"><subfield code="a">(IDSBB)007085432DSV01</subfield></datafield><datafield ind1=" " ind2=" " tag="035"><subfield code="a">(RERO)R008838431-41slsp</subfield></datafield><datafield ind1=" " ind2=" " tag="035"><subfield code="a">(OCoLC)1057342785</subfield></datafield><datafield ind1=" " ind2=" " tag="035"><subfield code="a">(EXLNZ-41SLSP_NETWORK)991156171389705501</subfield></datafield><datafield ind1=" " ind2=" " tag="040"><subfield code="a">ZWZ</subfield><subfield code="b">ger</subfield><subfield code="e">rda</subfield><subfield code="d">CH-ZuSLS</subfield></datafield><datafield ind1="1" ind2=" " tag="041"><subfield code="a">fre</subfield><subfield code="h">eng</subfield></datafield><datafield ind1=" " ind2="7" tag="072"><subfield code="a">ht</subfield><subfield code="2">rero</subfield></datafield><datafield ind1=" " ind2="7" tag="072"><subfield code="a">sp</subfield><subfield code="2">rero</subfield></datafield><datafield ind1="1" ind2="4" tag="082"><subfield code="a">940</subfield><subfield code="2">15</subfield></datafield><datafield ind1="1" ind2=" " tag="100"><subfield code="a">Anderson, Grey</subfield><subfield code="0">(DE-588)1170712185</subfield><subfield code="e">Verfasser</subfield><subfield code="4">aut</subfield><subfield code="6">880-01</subfield></datafield><datafield ind1="1" ind2=" " tag="880"><subfield code="6">100-01</subfield><subfield code="a">Anderson, Grey</subfield><subfield code="0">(IDREF)230654592</subfield><subfield code="4">cre</subfield></datafield><datafield ind1="1" ind2="0" tag="245"><subfield code="a">&lt;&lt;La&gt;&gt; guerre civile en France, 1958-1962</subfield><subfield code="b">du coup d'État gaulliste à la fin de l'OAS</subfield><subfield code="c">Grey Anderson ; traduit de l'anglais par Éric Hazan</subfield></datafield><datafield ind1=" " ind2="1" tag="264"><subfield code="a">Paris</subfield><subfield code="b">La Fabrique éditions</subfield><subfield code="c">[2018]</subfield></datafield><datafield ind1=" " ind2=" " tag="300"><subfield code="a">364 pages</subfield><subfield code="b">illustrations</subfield></datafield><datafield ind1=" " ind2=" " tag="336"><subfield code="b">txt</subfield><subfield code="2">rdacontent</subfield></datafield><datafield ind1=" " ind2=" " tag="337"><subfield code="b">n</subfield><subfield code="2">rdamedia</subfield></datafield><datafield ind1=" " ind2=" " tag="338"><subfield code="b">nc</subfield><subfield code="2">rdacarrier</subfield></datafield><datafield ind1=" " ind2=" " tag="500"><subfield code="a">&quot;...thèse, dont ce livre est issu,...&quot;. - Page 314</subfield></datafield><datafield ind1=" " ind2=" " tag="504"><subfield code="a">Notes bibliogr. Index</subfield></datafield><datafield ind1=" " ind2=" " tag="540"><subfield code="5">751052105:623164981</subfield><subfield code="a">Cote et disponibilité : http://catalogue.bibliotheque.sorbonne.fr</subfield></datafield><datafield ind1="1" ind2="7" tag="600"><subfield code="a">Gaulle, Charles &lt;&lt;de&gt;&gt;</subfield><subfield code="d">1890-1970</subfield><subfield code="0">(DE-588)118537849</subfield><subfield code="2">gnd</subfield></datafield><datafield ind1="1" ind2="6" tag="600"><subfield code="a">Gaulle, Charles de</subfield><subfield code="d">1890-1970</subfield></datafield><datafield ind1="1" ind2="7" tag="600"><subfield code="a">Gaulle, Charles de</subfield><subfield code="d">1890-1970</subfield><subfield code="0">(IDREF)026884410</subfield><subfield code="2">idref</subfield></datafield><datafield ind1="2" ind2="7" tag="610"><subfield code="a">Organisation de l'Armée Secrète</subfield><subfield code="0">(DE-588)4075691-9</subfield><subfield code="2">gnd</subfield></datafield><datafield ind1="2" ind2="7" tag="610"><subfield code="a">France</subfield><subfield code="b">Armée</subfield><subfield code="0">(IDREF)026627752</subfield><subfield code="2">idref</subfield></datafield><datafield ind1="2" ind2="7" tag="610"><subfield code="a">Organisation armée secrète</subfield><subfield code="g">France</subfield><subfield code="0">(IDREF)027338290</subfield><subfield code="2">idref</subfield></datafield><datafield ind1=" " ind2="7" tag="648"><subfield code="a">Geschichte 1958-1962</subfield><subfield code="2">gnd</subfield></datafield><datafield ind1=" " ind2="7" tag="648"><subfield code="a">Since 1958</subfield><subfield code="2">fast</subfield></datafield><datafield ind1=" " ind2="7" tag="650"><subfield code="a">Innenpolitik</subfield><subfield code="0">(DE-588)4027058-0</subfield><subfield code="2">gnd</subfield></datafield><datafield ind1=" " ind2="7" tag="650"><subfield code="a">Algerienkrieg</subfield><subfield code="0">(DE-588)4141868-2</subfield><subfield code="2">gnd</subfield></datafield><datafield ind1=" " ind2="7" tag="650"><subfield code="a">Politics and government</subfield><subfield code="2">fast</subfield></datafield><datafield ind1=" " ind2="7" tag="650"><subfield code="a">Gaullisme</subfield><subfield code="0">(IDREF)027227766</subfield><subfield code="2">idref</subfield></datafield><datafield ind1=" " ind2="7" tag="650"><subfield code="a">Politique et gouvernement</subfield><subfield code="0">(IDREF)027728110</subfield><subfield code="2">idref</subfield></datafield><datafield ind1=" " ind2="7" tag="650"><subfield code="a">Relations pouvoir civil-pouvoir militaire</subfield><subfield code="0">(IDREF)050581805</subfield><subfield code="2">idref</subfield></datafield><datafield ind1=" " ind2="7" tag="650"><subfield code="a">Décolonisation</subfield><subfield code="0">(IDREF)027680959</subfield><subfield code="2">idref</subfield></datafield><datafield ind1=" " ind2="7" tag="650"><subfield code="a">Coup d'État du 13 mai 1958 (France)</subfield><subfield code="0">(IDREF)035505257</subfield><subfield code="2">idref</subfield></datafield><datafield ind1=" " ind2="7" tag="650"><subfield code="a">20e siècle (2e moitié)</subfield><subfield code="0">(RERO)A022488830</subfield><subfield code="2">rero</subfield></datafield><datafield ind1=" " ind2="7" tag="651"><subfield code="a">Frankreich</subfield><subfield code="0">(DE-588)4018145-5</subfield><subfield code="2">gnd</subfield></datafield><datafield ind1=" " ind2="7" tag="651"><subfield code="a">France</subfield><subfield code="y">1958-1969 (Charles de Gaulle)</subfield><subfield code="2">ram</subfield></datafield><datafield ind1=" " ind2="0" tag="651"><subfield code="a">France</subfield><subfield code="x">History</subfield><subfield code="y">1958-</subfield></datafield><datafield ind1=" " ind2="0" tag="651"><subfield code="a">France</subfield><subfield code="x">Politics and government</subfield><subfield code="y">1958-</subfield></datafield><datafield ind1=" " ind2="7" tag="651"><subfield code="a">France</subfield><subfield code="2">fast</subfield></datafield><datafield ind1=" " ind2="7" tag="651"><subfield code="a">France</subfield><subfield code="0">(IDREF)027226794</subfield><subfield code="2">idref</subfield></datafield><datafield ind1=" " ind2="7" tag="651"><subfield code="a">Algérie</subfield><subfield code="0">(IDREF)027218767</subfield><subfield code="2">idref</subfield></datafield><datafield ind1=" " ind2="7" tag="655"><subfield code="a">History</subfield><subfield code="2">fast</subfield></datafield><datafield ind1=" " ind2="7" tag="651"><subfield code="a">Algérie</subfield><subfield code="y">1961 (Putsch des généraux)</subfield><subfield code="0">(IDREF)027666484</subfield><subfield code="2">idref</subfield></datafield><datafield ind1=" " ind2="7" tag="651"><subfield code="a">France</subfield><subfield code="y">1958-.... (5e République)</subfield><subfield code="0">(IDREF)027284948</subfield><subfield code="2">idref</subfield></datafield><datafield ind1=" " ind2="7" tag="651"><subfield code="a">Algérie</subfield><subfield code="y">1954-1962 (Guerre d'Algérie)</subfield><subfield code="0">(IDREF)027491927</subfield><subfield code="2">idref</subfield></datafield><datafield ind1="1" ind2=" " tag="700"><subfield code="a">Hazan, Éric</subfield><subfield code="d">1936-2024</subfield><subfield code="0">(DE-588)130279471</subfield><subfield code="e">Übersetzer</subfield><subfield code="4">trl</subfield></datafield><datafield ind1=" " ind2=" " tag="900"><subfield code="a">Stoppsignal FRED</subfield></datafield></record>
</metadata></record>